%YAML 1.1
%TAG !u! tag:unity3d.com,2011:
--- !u!1 &8720020111061444902
GameObject:
  m_ObjectHideFlags: 0
  m_CorrespondingSourceObject: {fileID: 0}
  m_PrefabInstance: {fileID: 0}
  m_PrefabAsset: {fileID: 0}
  serializedVersion: 6
  m_Component:
  - component: {fileID: 8720020111061444903}
  - component: {fileID: 8720020111061444897}
  - component: {fileID: 8720020111061444896}
  m_Layer: 5
  m_Name: Background
  m_TagString: Untagged
  m_Icon: {fileID: 0}
  m_NavMeshLayer: 0
  m_StaticEditorFlags: 0
  m_IsActive: 1
--- !u!224 &8720020111061444903
RectTransform:
  m_ObjectHideFlags: 0
  m_CorrespondingSourceObject: {fileID: 0}
  m_PrefabInstance: {fileID: 0}
  m_PrefabAsset: {fileID: 0}
  m_GameObject: {fileID: 8720020111061444902}
  m_LocalRotation: {x: -0, y: -0, z: -0, w: 1}
  m_LocalPosition: {x: 0, y: 0, z: 0}
  m_LocalScale: {x: 1, y: 1, z: 1}
  m_Children:
  - {fileID: 8720020111791732433}
  - {fileID: 8720020110565212042}
  m_Father: {fileID: 8720020112269869782}
  m_RootOrder: 0
  m_LocalEulerAnglesHint: {x: 0, y: 0, z: 0}
  m_AnchorMin: {x: 0, y: 0}
  m_AnchorMax: {x: 1, y: 1}
  m_AnchoredPosition: {x: 0, y: 0}
  m_SizeDelta: {x: 0, y: 0}
  m_Pivot: {x: 0.5, y: 0.5}
--- !u!222 &8720020111061444897
CanvasRenderer:
  m_ObjectHideFlags: 0
  m_CorrespondingSourceObject: {fileID: 0}
  m_PrefabInstance: {fileID: 0}
  m_PrefabAsset: {fileID: 0}
  m_GameObject: {fileID: 8720020111061444902}
  m_CullTransparentMesh: 0
--- !u!114 &8720020111061444896
MonoBehaviour:
  m_ObjectHideFlags: 0
  m_CorrespondingSourceObject: {fileID: 0}
  m_PrefabInstance: {fileID: 0}
  m_PrefabAsset: {fileID: 0}
  m_GameObject: {fileID: 8720020111061444902}
  m_Enabled: 1
  m_EditorHideFlags: 0
  m_Script: {fileID: 11500000, guid: fe87c0e1cc204ed48ad3b37840f39efc, type: 3}
  m_Name: 
  m_EditorClassIdentifier: 
  m_Material: {fileID: 0}
  m_Color: {r: 1, g: 1, b: 1, a: 1}
  m_RaycastTarget: 1
  m_OnCullStateChanged:
    m_PersistentCalls:
      m_Calls: []
  m_Sprite: {fileID: 0}
  m_Type: 0
  m_PreserveAspect: 0
  m_FillCenter: 1
  m_FillMethod: 4
  m_FillAmount: 1
  m_FillClockwise: 1
  m_FillOrigin: 0
  m_UseSpriteMesh: 0
  m_PixelsPerUnitMultiplier: 1
--- !u!1 &8720020112269869781
GameObject:
  m_ObjectHideFlags: 0
  m_CorrespondingSourceObject: {fileID: 0}
  m_PrefabInstance: {fileID: 0}
  m_PrefabAsset: {fileID: 0}
  serializedVersion: 6
  m_Component:
  - component: {fileID: 8720020112269869782}
  - component: {fileID: 8720020112269869777}
  - component: {fileID: 8720020112269869776}
  - component: {fileID: 8720020112269869783}
  m_Layer: 5
  m_Name: Assessment Sheet
  m_TagString: Untagged
  m_Icon: {fileID: 0}
  m_NavMeshLayer: 0
  m_StaticEditorFlags: 0
  m_IsActive: 1
--- !u!224 &8720020112269869782
RectTransform:
  m_ObjectHideFlags: 0
  m_CorrespondingSourceObject: {fileID: 0}
  m_PrefabInstance: {fileID: 0}
  m_PrefabAsset: {fileID: 0}
  m_GameObject: {fileID: 8720020112269869781}
  m_LocalRotation: {x: 0, y: 0, z: 0, w: 1}
  m_LocalPosition: {x: 0, y: 0, z: 0}
  m_LocalScale: {x: 1, y: 1, z: 1}
  m_Children:
  - {fileID: 8720020111061444903}
  m_Father: {fileID: 0}
  m_RootOrder: 0
  m_LocalEulerAnglesHint: {x: 0, y: 0, z: 0}
  m_AnchorMin: {x: 0, y: 0}
  m_AnchorMax: {x: 1, y: 1}
  m_AnchoredPosition: {x: -263.3, y: 0}
  m_SizeDelta: {x: -566.6, y: -40}
  m_Pivot: {x: 0.5, y: 0.5}
--- !u!222 &8720020112269869777
CanvasRenderer:
  m_ObjectHideFlags: 0
  m_CorrespondingSourceObject: {fileID: 0}
  m_PrefabInstance: {fileID: 0}
  m_PrefabAsset: {fileID: 0}
  m_GameObject: {fileID: 8720020112269869781}
  m_CullTransparentMesh: 0
--- !u!114 &8720020112269869776
MonoBehaviour:
  m_ObjectHideFlags: 0
  m_CorrespondingSourceObject: {fileID: 0}
  m_PrefabInstance: {fileID: 0}
  m_PrefabAsset: {fileID: 0}
  m_GameObject: {fileID: 8720020112269869781}
  m_Enabled: 1
  m_EditorHideFlags: 0
  m_Script: {fileID: 11500000, guid: fe87c0e1cc204ed48ad3b37840f39efc, type: 3}
  m_Name: 
  m_EditorClassIdentifier: 
  m_Material: {fileID: 0}
  m_Color: {r: 1, g: 1, b: 1, a: 1}
  m_RaycastTarget: 1
  m_OnCullStateChanged:
    m_PersistentCalls:
      m_Calls: []
  m_Sprite: {fileID: 0}
  m_Type: 0
  m_PreserveAspect: 0
  m_FillCenter: 1
  m_FillMethod: 4
  m_FillAmount: 1
  m_FillClockwise: 1
  m_FillOrigin: 0
  m_UseSpriteMesh: 0
  m_PixelsPerUnitMultiplier: 1
--- !u!114 &8720020112269869783
MonoBehaviour:
  m_ObjectHideFlags: 0
  m_CorrespondingSourceObject: {fileID: 0}
  m_PrefabInstance: {fileID: 0}
  m_PrefabAsset: {fileID: 0}
  m_GameObject: {fileID: 8720020112269869781}
  m_Enabled: 1
  m_EditorHideFlags: 0
  m_Script: {fileID: 11500000, guid: 31a19414c41e5ae4aae2af33fee712f6, type: 3}
  m_Name: 
  m_EditorClassIdentifier: 
  m_ShowMaskGraphic: 1
--- !u!1001 &2942206412071163596
PrefabInstance:
  m_ObjectHideFlags: 0
  serializedVersion: 2
  m_Modification:
    m_TransformParent: {fileID: 8720020111061444903}
    m_Modifications:
    - target: {fileID: 1471064586837424505, guid: f4f17922c5f67dd47920e064375cd0a6,
        type: 3}
      propertyPath: m_AnchorMin.y
      value: 0
      objectReference: {fileID: 0}
    - target: {fileID: 1471064586837424505, guid: f4f17922c5f67dd47920e064375cd0a6,
        type: 3}
      propertyPath: m_AnchorMax.y
      value: 0
      objectReference: {fileID: 0}
    - target: {fileID: 1471064586837424505, guid: f4f17922c5f67dd47920e064375cd0a6,
        type: 3}
      propertyPath: m_AnchoredPosition.x
      value: 0
      objectReference: {fileID: 0}
    - target: {fileID: 1471064586837424505, guid: f4f17922c5f67dd47920e064375cd0a6,
        type: 3}
      propertyPath: m_AnchoredPosition.y
      value: 0
      objectReference: {fileID: 0}
    - target: {fileID: 1471064586837424505, guid: f4f17922c5f67dd47920e064375cd0a6,
        type: 3}
      propertyPath: m_SizeDelta.x
      value: 0
      objectReference: {fileID: 0}
    - target: {fileID: 1471064586837424505, guid: f4f17922c5f67dd47920e064375cd0a6,
        type: 3}
      propertyPath: m_SizeDelta.y
      value: 0
      objectReference: {fileID: 0}
    - target: {fileID: 1471064587827237836, guid: f4f17922c5f67dd47920e064375cd0a6,
        type: 3}
      propertyPath: m_AnchoredPosition.x
      value: 57
      objectReference: {fileID: 0}
    - target: {fileID: 1471064587827237836, guid: f4f17922c5f67dd47920e064375cd0a6,
        type: 3}
      propertyPath: m_AnchorMin.y
      value: 0
      objectReference: {fileID: 0}
    - target: {fileID: 1471064587827237836, guid: f4f17922c5f67dd47920e064375cd0a6,
        type: 3}
      propertyPath: m_AnchorMax.y
      value: 0
      objectReference: {fileID: 0}
    - target: {fileID: 1471064587827237836, guid: f4f17922c5f67dd47920e064375cd0a6,
        type: 3}
      propertyPath: m_AnchoredPosition.y
      value: 0
      objectReference: {fileID: 0}
    - target: {fileID: 1471064587827237836, guid: f4f17922c5f67dd47920e064375cd0a6,
        type: 3}
      propertyPath: m_SizeDelta.x
      value: 0
      objectReference: {fileID: 0}
    - target: {fileID: 1471064587827237836, guid: f4f17922c5f67dd47920e064375cd0a6,
        type: 3}
      propertyPath: m_SizeDelta.y
      value: 0
      objectReference: {fileID: 0}
    - target: {fileID: 2062034831192737485, guid: f4f17922c5f67dd47920e064375cd0a6,
        type: 3}
      propertyPath: m_AnchorMin.y
      value: 0
      objectReference: {fileID: 0}
    - target: {fileID: 2062034831192737485, guid: f4f17922c5f67dd47920e064375cd0a6,
        type: 3}
      propertyPath: m_AnchorMax.y
      value: 0
      objectReference: {fileID: 0}
    - target: {fileID: 2062034831192737485, guid: f4f17922c5f67dd47920e064375cd0a6,
        type: 3}
      propertyPath: m_AnchoredPosition.x
      value: 0
      objectReference: {fileID: 0}
    - target: {fileID: 2062034831192737485, guid: f4f17922c5f67dd47920e064375cd0a6,
        type: 3}
      propertyPath: m_AnchoredPosition.y
      value: 0
      objectReference: {fileID: 0}
    - target: {fileID: 2062034831192737485, guid: f4f17922c5f67dd47920e064375cd0a6,
        type: 3}
      propertyPath: m_SizeDelta.x
      value: 0
      objectReference: {fileID: 0}
    - target: {fileID: 2062034831192737485, guid: f4f17922c5f67dd47920e064375cd0a6,
        type: 3}
      propertyPath: m_SizeDelta.y
      value: 0
      objectReference: {fileID: 0}
    - target: {fileID: 2244452531711500526, guid: f4f17922c5f67dd47920e064375cd0a6,
        type: 3}
      propertyPath: m_AnchorMin.y
      value: 0
      objectReference: {fileID: 0}
    - target: {fileID: 2244452531711500526, guid: f4f17922c5f67dd47920e064375cd0a6,
        type: 3}
      propertyPath: m_AnchorMax.y
      value: 0
      objectReference: {fileID: 0}
    - target: {fileID: 2244452531711500526, guid: f4f17922c5f67dd47920e064375cd0a6,
        type: 3}
      propertyPath: m_AnchoredPosition.x
      value: 0
      objectReference: {fileID: 0}
    - target: {fileID: 2244452531711500526, guid: f4f17922c5f67dd47920e064375cd0a6,
        type: 3}
      propertyPath: m_AnchoredPosition.y
      value: 0
      objectReference: {fileID: 0}
    - target: {fileID: 2244452531711500526, guid: f4f17922c5f67dd47920e064375cd0a6,
        type: 3}
      propertyPath: m_SizeDelta.x
      value: 0
      objectReference: {fileID: 0}
    - target: {fileID: 2244452531711500526, guid: f4f17922c5f67dd47920e064375cd0a6,
        type: 3}
      propertyPath: m_SizeDelta.y
      value: 0
      objectReference: {fileID: 0}
    - target: {fileID: 2491920578233077444, guid: f4f17922c5f67dd47920e064375cd0a6,
        type: 3}
      propertyPath: m_AnchoredPosition.x
      value: 95
      objectReference: {fileID: 0}
    - target: {fileID: 2491920578233077444, guid: f4f17922c5f67dd47920e064375cd0a6,
        type: 3}
      propertyPath: m_AnchorMin.y
      value: 0
      objectReference: {fileID: 0}
    - target: {fileID: 2491920578233077444, guid: f4f17922c5f67dd47920e064375cd0a6,
        type: 3}
      propertyPath: m_AnchorMax.y
      value: 0
      objectReference: {fileID: 0}
    - target: {fileID: 2491920578233077444, guid: f4f17922c5f67dd47920e064375cd0a6,
        type: 3}
      propertyPath: m_AnchoredPosition.y
      value: 0
      objectReference: {fileID: 0}
    - target: {fileID: 2491920578233077444, guid: f4f17922c5f67dd47920e064375cd0a6,
        type: 3}
      propertyPath: m_SizeDelta.x
      value: 0
      objectReference: {fileID: 0}
    - target: {fileID: 2491920578233077444, guid: f4f17922c5f67dd47920e064375cd0a6,
        type: 3}
      propertyPath: m_SizeDelta.y
      value: 0
      objectReference: {fileID: 0}
    - target: {fileID: 2491920579155797105, guid: f4f17922c5f67dd47920e064375cd0a6,
        type: 3}
      propertyPath: m_AnchorMin.y
      value: 0
      objectReference: {fileID: 0}
    - target: {fileID: 2491920579155797105, guid: f4f17922c5f67dd47920e064375cd0a6,
        type: 3}
      propertyPath: m_AnchorMax.y
      value: 0
      objectReference: {fileID: 0}
    - target: {fileID: 2491920579155797105, guid: f4f17922c5f67dd47920e064375cd0a6,
        type: 3}
      propertyPath: m_AnchoredPosition.x
      value: 0
      objectReference: {fileID: 0}
    - target: {fileID: 2491920579155797105, guid: f4f17922c5f67dd47920e064375cd0a6,
        type: 3}
      propertyPath: m_AnchoredPosition.y
      value: 0
      objectReference: {fileID: 0}
    - target: {fileID: 2491920579155797105, guid: f4f17922c5f67dd47920e064375cd0a6,
        type: 3}
      propertyPath: m_SizeDelta.x
      value: 0
      objectReference: {fileID: 0}
    - target: {fileID: 2491920579155797105, guid: f4f17922c5f67dd47920e064375cd0a6,
        type: 3}
      propertyPath: m_SizeDelta.y
      value: 0
      objectReference: {fileID: 0}
    - target: {fileID: 3568775877030347162, guid: f4f17922c5f67dd47920e064375cd0a6,
        type: 3}
      propertyPath: m_AnchorMin.y
      value: 0
      objectReference: {fileID: 0}
    - target: {fileID: 3568775877030347162, guid: f4f17922c5f67dd47920e064375cd0a6,
        type: 3}
      propertyPath: m_AnchorMax.y
      value: 0
      objectReference: {fileID: 0}
    - target: {fileID: 3568775877030347162, guid: f4f17922c5f67dd47920e064375cd0a6,
        type: 3}
      propertyPath: m_AnchoredPosition.x
      value: 0
      objectReference: {fileID: 0}
    - target: {fileID: 3568775877030347162, guid: f4f17922c5f67dd47920e064375cd0a6,
        type: 3}
      propertyPath: m_AnchoredPosition.y
      value: 0
      objectReference: {fileID: 0}
    - target: {fileID: 3568775877030347162, guid: f4f17922c5f67dd47920e064375cd0a6,
        type: 3}
      propertyPath: m_SizeDelta.x
      value: 0
      objectReference: {fileID: 0}
    - target: {fileID: 3568775877030347162, guid: f4f17922c5f67dd47920e064375cd0a6,
        type: 3}
      propertyPath: m_SizeDelta.y
      value: 0
      objectReference: {fileID: 0}
    - target: {fileID: 5744108622576108129, guid: f4f17922c5f67dd47920e064375cd0a6,
        type: 3}
      propertyPath: m_AnchorMin.y
      value: 0
      objectReference: {fileID: 0}
    - target: {fileID: 5744108622576108129, guid: f4f17922c5f67dd47920e064375cd0a6,
        type: 3}
      propertyPath: m_AnchorMax.y
      value: 0
      objectReference: {fileID: 0}
    - target: {fileID: 5744108622576108129, guid: f4f17922c5f67dd47920e064375cd0a6,
        type: 3}
      propertyPath: m_AnchoredPosition.x
      value: 0
      objectReference: {fileID: 0}
    - target: {fileID: 5744108622576108129, guid: f4f17922c5f67dd47920e064375cd0a6,
        type: 3}
      propertyPath: m_AnchoredPosition.y
      value: 0
      objectReference: {fileID: 0}
    - target: {fileID: 5744108622576108129, guid: f4f17922c5f67dd47920e064375cd0a6,
        type: 3}
      propertyPath: m_SizeDelta.x
      value: 0
      objectReference: {fileID: 0}
    - target: {fileID: 5744108622576108129, guid: f4f17922c5f67dd47920e064375cd0a6,
        type: 3}
      propertyPath: m_SizeDelta.y
      value: 0
      objectReference: {fileID: 0}
    - target: {fileID: 5897302305759340869, guid: f4f17922c5f67dd47920e064375cd0a6,
        type: 3}
      propertyPath: m_Name
      value: Buttons_Bottom
      objectReference: {fileID: 0}
    - target: {fileID: 5897302305759340870, guid: f4f17922c5f67dd47920e064375cd0a6,
        type: 3}
      propertyPath: m_LocalPosition.x
      value: 0
      objectReference: {fileID: 0}
    - target: {fileID: 5897302305759340870, guid: f4f17922c5f67dd47920e064375cd0a6,
        type: 3}
      propertyPath: m_LocalPosition.y
      value: 0
      objectReference: {fileID: 0}
    - target: {fileID: 5897302305759340870, guid: f4f17922c5f67dd47920e064375cd0a6,
        type: 3}
      propertyPath: m_LocalPosition.z
      value: 0
      objectReference: {fileID: 0}
    - target: {fileID: 5897302305759340870, guid: f4f17922c5f67dd47920e064375cd0a6,
        type: 3}
      propertyPath: m_LocalRotation.x
      value: 0
      objectReference: {fileID: 0}
    - target: {fileID: 5897302305759340870, guid: f4f17922c5f67dd47920e064375cd0a6,
        type: 3}
      propertyPath: m_LocalRotation.y
      value: 0
      objectReference: {fileID: 0}
    - target: {fileID: 5897302305759340870, guid: f4f17922c5f67dd47920e064375cd0a6,
        type: 3}
      propertyPath: m_LocalRotation.z
      value: 0
      objectReference: {fileID: 0}
    - target: {fileID: 5897302305759340870, guid: f4f17922c5f67dd47920e064375cd0a6,
        type: 3}
      propertyPath: m_LocalRotation.w
      value: 1
      objectReference: {fileID: 0}
    - target: {fileID: 5897302305759340870, guid: f4f17922c5f67dd47920e064375cd0a6,
        type: 3}
      propertyPath: m_RootOrder
      value: 1
      objectReference: {fileID: 0}
    - target: {fileID: 5897302305759340870, guid: f4f17922c5f67dd47920e064375cd0a6,
        type: 3}
      propertyPath: m_LocalEulerAnglesHint.x
      value: 0
      objectReference: {fileID: 0}
    - target: {fileID: 5897302305759340870, guid: f4f17922c5f67dd47920e064375cd0a6,
        type: 3}
      propertyPath: m_LocalEulerAnglesHint.y
      value: 0
      objectReference: {fileID: 0}
    - target: {fileID: 5897302305759340870, guid: f4f17922c5f67dd47920e064375cd0a6,
        type: 3}
      propertyPath: m_LocalEulerAnglesHint.z
      value: 0
      objectReference: {fileID: 0}
    - target: {fileID: 5897302305759340870, guid: f4f17922c5f67dd47920e064375cd0a6,
        type: 3}
      propertyPath: m_AnchoredPosition.x
      value: -1.7998047
      objectReference: {fileID: 0}
    - target: {fileID: 5897302305759340870, guid: f4f17922c5f67dd47920e064375cd0a6,
        type: 3}
      propertyPath: m_AnchoredPosition.y
      value: 25.340088
      objectReference: {fileID: 0}
    - target: {fileID: 5897302305759340870, guid: f4f17922c5f67dd47920e064375cd0a6,
        type: 3}
      propertyPath: m_SizeDelta.x
      value: -79.9
      objectReference: {fileID: 0}
    - target: {fileID: 5897302305759340870, guid: f4f17922c5f67dd47920e064375cd0a6,
        type: 3}
      propertyPath: m_SizeDelta.y
      value: 67
      objectReference: {fileID: 0}
    - target: {fileID: 5897302305759340870, guid: f4f17922c5f67dd47920e064375cd0a6,
        type: 3}
      propertyPath: m_AnchorMin.x
      value: 0
      objectReference: {fileID: 0}
    - target: {fileID: 5897302305759340870, guid: f4f17922c5f67dd47920e064375cd0a6,
        type: 3}
      propertyPath: m_AnchorMin.y
      value: 0
      objectReference: {fileID: 0}
    - target: {fileID: 5897302305759340870, guid: f4f17922c5f67dd47920e064375cd0a6,
        type: 3}
      propertyPath: m_AnchorMax.x
      value: 1
      objectReference: {fileID: 0}
    - target: {fileID: 5897302305759340870, guid: f4f17922c5f67dd47920e064375cd0a6,
        type: 3}
      propertyPath: m_AnchorMax.y
      value: 0
      objectReference: {fileID: 0}
    - target: {fileID: 5897302305759340870, guid: f4f17922c5f67dd47920e064375cd0a6,
        type: 3}
      propertyPath: m_Pivot.x
      value: 0.5
      objectReference: {fileID: 0}
    - target: {fileID: 5897302305759340870, guid: f4f17922c5f67dd47920e064375cd0a6,
        type: 3}
      propertyPath: m_Pivot.y
      value: 0
      objectReference: {fileID: 0}
    - target: {fileID: 6675722279480584074, guid: f4f17922c5f67dd47920e064375cd0a6,
        type: 3}
      propertyPath: m_AnchorMin.y
      value: 0
      objectReference: {fileID: 0}
    - target: {fileID: 6675722279480584074, guid: f4f17922c5f67dd47920e064375cd0a6,
        type: 3}
      propertyPath: m_AnchorMax.y
      value: 0
      objectReference: {fileID: 0}
    - target: {fileID: 6675722279480584074, guid: f4f17922c5f67dd47920e064375cd0a6,
        type: 3}
      propertyPath: m_AnchoredPosition.x
      value: 0
      objectReference: {fileID: 0}
    - target: {fileID: 6675722279480584074, guid: f4f17922c5f67dd47920e064375cd0a6,
        type: 3}
      propertyPath: m_AnchoredPosition.y
      value: 0
      objectReference: {fileID: 0}
    - target: {fileID: 6675722279480584074, guid: f4f17922c5f67dd47920e064375cd0a6,
        type: 3}
      propertyPath: m_SizeDelta.x
      value: 0
      objectReference: {fileID: 0}
    - target: {fileID: 6675722279480584074, guid: f4f17922c5f67dd47920e064375cd0a6,
        type: 3}
      propertyPath: m_SizeDelta.y
      value: 0
      objectReference: {fileID: 0}
    - target: {fileID: 6675722280369737023, guid: f4f17922c5f67dd47920e064375cd0a6,
        type: 3}
      propertyPath: m_AnchoredPosition.x
      value: 133
      objectReference: {fileID: 0}
    - target: {fileID: 6675722280369737023, guid: f4f17922c5f67dd47920e064375cd0a6,
        type: 3}
      propertyPath: m_AnchorMin.y
      value: 0
      objectReference: {fileID: 0}
    - target: {fileID: 6675722280369737023, guid: f4f17922c5f67dd47920e064375cd0a6,
        type: 3}
      propertyPath: m_AnchorMax.y
      value: 0
      objectReference: {fileID: 0}
    - target: {fileID: 6675722280369737023, guid: f4f17922c5f67dd47920e064375cd0a6,
        type: 3}
      propertyPath: m_AnchoredPosition.y
      value: 0
      objectReference: {fileID: 0}
    - target: {fileID: 6675722280369737023, guid: f4f17922c5f67dd47920e064375cd0a6,
        type: 3}
      propertyPath: m_SizeDelta.x
      value: 0
      objectReference: {fileID: 0}
    - target: {fileID: 6675722280369737023, guid: f4f17922c5f67dd47920e064375cd0a6,
        type: 3}
      propertyPath: m_SizeDelta.y
      value: 0
      objectReference: {fileID: 0}
    - target: {fileID: 8216779467618158334, guid: f4f17922c5f67dd47920e064375cd0a6,
        type: 3}
      propertyPath: m_AnchorMin.y
      value: 0
      objectReference: {fileID: 0}
    - target: {fileID: 8216779467618158334, guid: f4f17922c5f67dd47920e064375cd0a6,
        type: 3}
      propertyPath: m_AnchorMax.y
      value: 0
      objectReference: {fileID: 0}
    - target: {fileID: 8216779467618158334, guid: f4f17922c5f67dd47920e064375cd0a6,
        type: 3}
      propertyPath: m_AnchoredPosition.x
      value: 0
      objectReference: {fileID: 0}
    - target: {fileID: 8216779467618158334, guid: f4f17922c5f67dd47920e064375cd0a6,
        type: 3}
      propertyPath: m_AnchoredPosition.y
      value: 0
      objectReference: {fileID: 0}
    - target: {fileID: 8216779467618158334, guid: f4f17922c5f67dd47920e064375cd0a6,
        type: 3}
      propertyPath: m_SizeDelta.x
      value: 0
      objectReference: {fileID: 0}
    - target: {fileID: 8216779467618158334, guid: f4f17922c5f67dd47920e064375cd0a6,
        type: 3}
      propertyPath: m_SizeDelta.y
      value: 0
      objectReference: {fileID: 0}
    - target: {fileID: 8216779468842871883, guid: f4f17922c5f67dd47920e064375cd0a6,
        type: 3}
      propertyPath: m_AnchoredPosition.x
      value: 19
      objectReference: {fileID: 0}
    - target: {fileID: 8216779468842871883, guid: f4f17922c5f67dd47920e064375cd0a6,
        type: 3}
      propertyPath: m_AnchorMin.y
      value: 0
      objectReference: {fileID: 0}
    - target: {fileID: 8216779468842871883, guid: f4f17922c5f67dd47920e064375cd0a6,
        type: 3}
      propertyPath: m_AnchorMax.y
      value: 0
      objectReference: {fileID: 0}
    - target: {fileID: 8216779468842871883, guid: f4f17922c5f67dd47920e064375cd0a6,
        type: 3}
      propertyPath: m_AnchoredPosition.y
      value: 0
      objectReference: {fileID: 0}
    - target: {fileID: 8216779468842871883, guid: f4f17922c5f67dd47920e064375cd0a6,
        type: 3}
      propertyPath: m_SizeDelta.x
      value: 0
      objectReference: {fileID: 0}
    - target: {fileID: 8216779468842871883, guid: f4f17922c5f67dd47920e064375cd0a6,
        type: 3}
      propertyPath: m_SizeDelta.y
      value: 0
      objectReference: {fileID: 0}
    - target: {fileID: 8858661651897563466, guid: f4f17922c5f67dd47920e064375cd0a6,
        type: 3}
      propertyPath: m_AnchorMin.y
      value: 0
      objectReference: {fileID: 0}
    - target: {fileID: 8858661651897563466, guid: f4f17922c5f67dd47920e064375cd0a6,
        type: 3}
      propertyPath: m_AnchorMax.y
      value: 0
      objectReference: {fileID: 0}
    - target: {fileID: 8858661651897563466, guid: f4f17922c5f67dd47920e064375cd0a6,
        type: 3}
      propertyPath: m_AnchoredPosition.x
      value: 0
      objectReference: {fileID: 0}
    - target: {fileID: 8858661651897563466, guid: f4f17922c5f67dd47920e064375cd0a6,
        type: 3}
      propertyPath: m_AnchoredPosition.y
      value: 0
      objectReference: {fileID: 0}
    - target: {fileID: 8858661651897563466, guid: f4f17922c5f67dd47920e064375cd0a6,
        type: 3}
      propertyPath: m_SizeDelta.x
      value: 0
      objectReference: {fileID: 0}
    - target: {fileID: 8858661651897563466, guid: f4f17922c5f67dd47920e064375cd0a6,
        type: 3}
      propertyPath: m_SizeDelta.y
      value: 0
      objectReference: {fileID: 0}
    m_RemovedComponents: []
  m_SourcePrefab: {fileID: 100100000, guid: f4f17922c5f67dd47920e064375cd0a6, type: 3}
--- !u!224 &8720020110565212042 stripped
RectTransform:
  m_CorrespondingSourceObject: {fileID: 5897302305759340870, guid: f4f17922c5f67dd47920e064375cd0a6,
    type: 3}
  m_PrefabInstance: {fileID: 2942206412071163596}
  m_PrefabAsset: {fileID: 0}
--- !u!1001 &4994290025787763417
PrefabInstance:
  m_ObjectHideFlags: 0
  serializedVersion: 2
  m_Modification:
    m_TransformParent: {fileID: 8720020111061444903}
    m_Modifications:
    - target: {fileID: 1961437635, guid: 9bf56ecfa333a7f46847a0ed7016d1e1, type: 3}
      propertyPath: m_AnchorMin.y
      value: 0
      objectReference: {fileID: 0}
    - target: {fileID: 1961437635, guid: 9bf56ecfa333a7f46847a0ed7016d1e1, type: 3}
      propertyPath: m_AnchorMax.y
      value: 0
      objectReference: {fileID: 0}
    - target: {fileID: 1961437635, guid: 9bf56ecfa333a7f46847a0ed7016d1e1, type: 3}
      propertyPath: m_AnchoredPosition.y
      value: 0
      objectReference: {fileID: 0}
    - target: {fileID: 1961437635, guid: 9bf56ecfa333a7f46847a0ed7016d1e1, type: 3}
      propertyPath: m_SizeDelta.x
      value: 0
      objectReference: {fileID: 0}
    - target: {fileID: 992253904886050139, guid: 9bf56ecfa333a7f46847a0ed7016d1e1,
        type: 3}
      propertyPath: m_AnchorMin.y
      value: 0
      objectReference: {fileID: 0}
    - target: {fileID: 992253904886050139, guid: 9bf56ecfa333a7f46847a0ed7016d1e1,
        type: 3}
      propertyPath: m_AnchorMax.y
      value: 0
      objectReference: {fileID: 0}
    - target: {fileID: 992253904886050139, guid: 9bf56ecfa333a7f46847a0ed7016d1e1,
        type: 3}
      propertyPath: m_AnchoredPosition.y
      value: 0
      objectReference: {fileID: 0}
    - target: {fileID: 992253904886050139, guid: 9bf56ecfa333a7f46847a0ed7016d1e1,
        type: 3}
      propertyPath: m_SizeDelta.y
      value: 0
      objectReference: {fileID: 0}
    - target: {fileID: 992253904886050139, guid: 9bf56ecfa333a7f46847a0ed7016d1e1,
        type: 3}
      propertyPath: m_SizeDelta.x
      value: 0
      objectReference: {fileID: 0}
    - target: {fileID: 1801933110849189771, guid: 9bf56ecfa333a7f46847a0ed7016d1e1,
        type: 3}
      propertyPath: m_AnchorMin.y
      value: 0
      objectReference: {fileID: 0}
    - target: {fileID: 1801933110849189771, guid: 9bf56ecfa333a7f46847a0ed7016d1e1,
        type: 3}
      propertyPath: m_AnchorMax.y
      value: 0
      objectReference: {fileID: 0}
    - target: {fileID: 1801933110849189771, guid: 9bf56ecfa333a7f46847a0ed7016d1e1,
        type: 3}
      propertyPath: m_AnchoredPosition.y
      value: 0
      objectReference: {fileID: 0}
    - target: {fileID: 1801933110849189771, guid: 9bf56ecfa333a7f46847a0ed7016d1e1,
        type: 3}
      propertyPath: m_SizeDelta.x
      value: 0
      objectReference: {fileID: 0}
    - target: {fileID: 2093182033692483232, guid: 9bf56ecfa333a7f46847a0ed7016d1e1,
        type: 3}
      propertyPath: m_AnchorMin.y
      value: 0
      objectReference: {fileID: 0}
    - target: {fileID: 2093182033692483232, guid: 9bf56ecfa333a7f46847a0ed7016d1e1,
        type: 3}
      propertyPath: m_AnchorMax.y
      value: 0
      objectReference: {fileID: 0}
    - target: {fileID: 2093182033692483232, guid: 9bf56ecfa333a7f46847a0ed7016d1e1,
        type: 3}
      propertyPath: m_AnchoredPosition.y
      value: 0
      objectReference: {fileID: 0}
    - target: {fileID: 2093182033692483232, guid: 9bf56ecfa333a7f46847a0ed7016d1e1,
        type: 3}
      propertyPath: m_SizeDelta.x
      value: 0
      objectReference: {fileID: 0}
    - target: {fileID: 2181182273270305516, guid: 9bf56ecfa333a7f46847a0ed7016d1e1,
        type: 3}
      propertyPath: m_AnchorMin.y
      value: 0
      objectReference: {fileID: 0}
    - target: {fileID: 2181182273270305516, guid: 9bf56ecfa333a7f46847a0ed7016d1e1,
        type: 3}
      propertyPath: m_AnchorMax.y
      value: 0
      objectReference: {fileID: 0}
    - target: {fileID: 2181182273270305516, guid: 9bf56ecfa333a7f46847a0ed7016d1e1,
        type: 3}
      propertyPath: m_AnchoredPosition.x
      value: 0
      objectReference: {fileID: 0}
    - target: {fileID: 2181182273270305516, guid: 9bf56ecfa333a7f46847a0ed7016d1e1,
        type: 3}
      propertyPath: m_AnchoredPosition.y
      value: 0
      objectReference: {fileID: 0}
    - target: {fileID: 2181182273270305516, guid: 9bf56ecfa333a7f46847a0ed7016d1e1,
        type: 3}
      propertyPath: m_SizeDelta.x
      value: 0
      objectReference: {fileID: 0}
    - target: {fileID: 2181182273270305516, guid: 9bf56ecfa333a7f46847a0ed7016d1e1,
        type: 3}
      propertyPath: m_SizeDelta.y
      value: 0
      objectReference: {fileID: 0}
    - target: {fileID: 2181182274290483315, guid: 9bf56ecfa333a7f46847a0ed7016d1e1,
        type: 3}
      propertyPath: m_AnchorMin.y
      value: 0
      objectReference: {fileID: 0}
    - target: {fileID: 2181182274290483315, guid: 9bf56ecfa333a7f46847a0ed7016d1e1,
        type: 3}
      propertyPath: m_AnchorMax.y
      value: 0
      objectReference: {fileID: 0}
    - target: {fileID: 2181182274290483315, guid: 9bf56ecfa333a7f46847a0ed7016d1e1,
        type: 3}
      propertyPath: m_AnchoredPosition.x
      value: 0
      objectReference: {fileID: 0}
    - target: {fileID: 2181182274290483315, guid: 9bf56ecfa333a7f46847a0ed7016d1e1,
        type: 3}
      propertyPath: m_AnchoredPosition.y
      value: 0
      objectReference: {fileID: 0}
    - target: {fileID: 2181182274290483315, guid: 9bf56ecfa333a7f46847a0ed7016d1e1,
        type: 3}
      propertyPath: m_SizeDelta.y
      value: 0
      objectReference: {fileID: 0}
    - target: {fileID: 3217726000566351357, guid: 9bf56ecfa333a7f46847a0ed7016d1e1,
        type: 3}
      propertyPath: m_AnchorMin.y
      value: 0
      objectReference: {fileID: 0}
    - target: {fileID: 3217726000566351357, guid: 9bf56ecfa333a7f46847a0ed7016d1e1,
        type: 3}
      propertyPath: m_AnchorMax.y
      value: 0
      objectReference: {fileID: 0}
    - target: {fileID: 3217726000566351357, guid: 9bf56ecfa333a7f46847a0ed7016d1e1,
        type: 3}
      propertyPath: m_AnchoredPosition.y
      value: 0
      objectReference: {fileID: 0}
    - target: {fileID: 3217726000566351357, guid: 9bf56ecfa333a7f46847a0ed7016d1e1,
        type: 3}
      propertyPath: m_SizeDelta.y
      value: 0
      objectReference: {fileID: 0}
    - target: {fileID: 4345116322019974152, guid: 9bf56ecfa333a7f46847a0ed7016d1e1,
        type: 3}
      propertyPath: m_LocalPosition.x
      value: 0
      objectReference: {fileID: 0}
    - target: {fileID: 4345116322019974152, guid: 9bf56ecfa333a7f46847a0ed7016d1e1,
        type: 3}
      propertyPath: m_LocalPosition.y
      value: 0
      objectReference: {fileID: 0}
    - target: {fileID: 4345116322019974152, guid: 9bf56ecfa333a7f46847a0ed7016d1e1,
        type: 3}
      propertyPath: m_LocalPosition.z
      value: 0
      objectReference: {fileID: 0}
    - target: {fileID: 4345116322019974152, guid: 9bf56ecfa333a7f46847a0ed7016d1e1,
        type: 3}
      propertyPath: m_LocalRotation.x
      value: 0
      objectReference: {fileID: 0}
    - target: {fileID: 4345116322019974152, guid: 9bf56ecfa333a7f46847a0ed7016d1e1,
        type: 3}
      propertyPath: m_LocalRotation.y
      value: 0
      objectReference: {fileID: 0}
    - target: {fileID: 4345116322019974152, guid: 9bf56ecfa333a7f46847a0ed7016d1e1,
        type: 3}
      propertyPath: m_LocalRotation.z
      value: 0
      objectReference: {fileID: 0}
    - target: {fileID: 4345116322019974152, guid: 9bf56ecfa333a7f46847a0ed7016d1e1,
        type: 3}
      propertyPath: m_LocalRotation.w
      value: 1
      objectReference: {fileID: 0}
    - target: {fileID: 4345116322019974152, guid: 9bf56ecfa333a7f46847a0ed7016d1e1,
        type: 3}
      propertyPath: m_RootOrder
      value: 0
      objectReference: {fileID: 0}
    - target: {fileID: 4345116322019974152, guid: 9bf56ecfa333a7f46847a0ed7016d1e1,
        type: 3}
      propertyPath: m_LocalEulerAnglesHint.x
      value: 0
      objectReference: {fileID: 0}
    - target: {fileID: 4345116322019974152, guid: 9bf56ecfa333a7f46847a0ed7016d1e1,
        type: 3}
      propertyPath: m_LocalEulerAnglesHint.y
      value: 0
      objectReference: {fileID: 0}
    - target: {fileID: 4345116322019974152, guid: 9bf56ecfa333a7f46847a0ed7016d1e1,
        type: 3}
      propertyPath: m_LocalEulerAnglesHint.z
      value: 0
      objectReference: {fileID: 0}
    - target: {fileID: 4345116322019974152, guid: 9bf56ecfa333a7f46847a0ed7016d1e1,
        type: 3}
      propertyPath: m_AnchoredPosition.x
      value: -1.800293
      objectReference: {fileID: 0}
    - target: {fileID: 4345116322019974152, guid: 9bf56ecfa333a7f46847a0ed7016d1e1,
        type: 3}
      propertyPath: m_AnchoredPosition.y
      value: 39.300026
      objectReference: {fileID: 0}
    - target: {fileID: 4345116322019974152, guid: 9bf56ecfa333a7f46847a0ed7016d1e1,
        type: 3}
      propertyPath: m_SizeDelta.x
      value: -79.899994
      objectReference: {fileID: 0}
    - target: {fileID: 4345116322019974152, guid: 9bf56ecfa333a7f46847a0ed7016d1e1,
        type: 3}
      propertyPath: m_SizeDelta.y
      value: -139.00005
      objectReference: {fileID: 0}
    - target: {fileID: 4345116322019974152, guid: 9bf56ecfa333a7f46847a0ed7016d1e1,
        type: 3}
      propertyPath: m_AnchorMin.x
      value: 0
      objectReference: {fileID: 0}
    - target: {fileID: 4345116322019974152, guid: 9bf56ecfa333a7f46847a0ed7016d1e1,
        type: 3}
      propertyPath: m_AnchorMin.y
      value: 0
      objectReference: {fileID: 0}
    - target: {fileID: 4345116322019974152, guid: 9bf56ecfa333a7f46847a0ed7016d1e1,
        type: 3}
      propertyPath: m_AnchorMax.x
      value: 1
      objectReference: {fileID: 0}
    - target: {fileID: 4345116322019974152, guid: 9bf56ecfa333a7f46847a0ed7016d1e1,
        type: 3}
      propertyPath: m_AnchorMax.y
      value: 1
      objectReference: {fileID: 0}
    - target: {fileID: 4345116322019974152, guid: 9bf56ecfa333a7f46847a0ed7016d1e1,
        type: 3}
      propertyPath: m_Pivot.x
      value: 0.5
      objectReference: {fileID: 0}
    - target: {fileID: 4345116322019974152, guid: 9bf56ecfa333a7f46847a0ed7016d1e1,
        type: 3}
      propertyPath: m_Pivot.y
      value: 0.5
      objectReference: {fileID: 0}
    - target: {fileID: 4345116322019974153, guid: 9bf56ecfa333a7f46847a0ed7016d1e1,
        type: 3}
      propertyPath: m_Name
      value: Assessment Scroll
      objectReference: {fileID: 0}
    - target: {fileID: 4345116322303889263, guid: 9bf56ecfa333a7f46847a0ed7016d1e1,
        type: 3}
      propertyPath: m_AnchorMax.x
      value: 0
      objectReference: {fileID: 0}
    - target: {fileID: 4345116322303889263, guid: 9bf56ecfa333a7f46847a0ed7016d1e1,
        type: 3}
      propertyPath: m_AnchorMax.y
      value: 0
      objectReference: {fileID: 0}
    - target: {fileID: 4345116322772301843, guid: 9bf56ecfa333a7f46847a0ed7016d1e1,
        type: 3}
      propertyPath: m_AnchorMax.x
      value: 0
      objectReference: {fileID: 0}
    - target: {fileID: 4345116322772301843, guid: 9bf56ecfa333a7f46847a0ed7016d1e1,
        type: 3}
      propertyPath: m_AnchorMax.y
      value: 0
      objectReference: {fileID: 0}
    - target: {fileID: 4345116322772301843, guid: 9bf56ecfa333a7f46847a0ed7016d1e1,
        type: 3}
      propertyPath: m_SizeDelta.x
      value: 0
      objectReference: {fileID: 0}
    - target: {fileID: 4345116322772301843, guid: 9bf56ecfa333a7f46847a0ed7016d1e1,
        type: 3}
      propertyPath: m_SizeDelta.y
      value: 0
      objectReference: {fileID: 0}
    - target: {fileID: 4345116323222607264, guid: 9bf56ecfa333a7f46847a0ed7016d1e1,
        type: 3}
      propertyPath: m_AnchorMax.x
      value: 0
      objectReference: {fileID: 0}
    - target: {fileID: 4345116323222607264, guid: 9bf56ecfa333a7f46847a0ed7016d1e1,
        type: 3}
      propertyPath: m_AnchorMax.y
      value: 0
      objectReference: {fileID: 0}
    - target: {fileID: 4345116323538361720, guid: 9bf56ecfa333a7f46847a0ed7016d1e1,
        type: 3}
      propertyPath: m_AnchorMax.x
      value: 0
      objectReference: {fileID: 0}
    - target: {fileID: 4345116323538361720, guid: 9bf56ecfa333a7f46847a0ed7016d1e1,
        type: 3}
      propertyPath: m_SizeDelta.x
      value: 0
      objectReference: {fileID: 0}
    - target: {fileID: 4345116323965182303, guid: 9bf56ecfa333a7f46847a0ed7016d1e1,
        type: 3}
      propertyPath: m_AnchorMax.y
      value: 0
      objectReference: {fileID: 0}
    - target: {fileID: 4345116323965182303, guid: 9bf56ecfa333a7f46847a0ed7016d1e1,
        type: 3}
      propertyPath: m_SizeDelta.y
      value: 0
      objectReference: {fileID: 0}
    - target: {fileID: 4711432837325520510, guid: 9bf56ecfa333a7f46847a0ed7016d1e1,
        type: 3}
      propertyPath: m_AnchorMin.y
      value: 0
      objectReference: {fileID: 0}
    - target: {fileID: 4711432837325520510, guid: 9bf56ecfa333a7f46847a0ed7016d1e1,
        type: 3}
      propertyPath: m_AnchorMax.y
      value: 0
      objectReference: {fileID: 0}
    - target: {fileID: 4711432837325520510, guid: 9bf56ecfa333a7f46847a0ed7016d1e1,
        type: 3}
      propertyPath: m_AnchoredPosition.y
      value: 0
      objectReference: {fileID: 0}
    - target: {fileID: 4711432837325520510, guid: 9bf56ecfa333a7f46847a0ed7016d1e1,
        type: 3}
      propertyPath: m_SizeDelta.y
      value: 0
      objectReference: {fileID: 0}
    - target: {fileID: 6863721814613925753, guid: 9bf56ecfa333a7f46847a0ed7016d1e1,
        type: 3}
      propertyPath: m_AnchorMin.y
      value: 0
      objectReference: {fileID: 0}
    - target: {fileID: 6863721814613925753, guid: 9bf56ecfa333a7f46847a0ed7016d1e1,
        type: 3}
      propertyPath: m_AnchorMax.y
      value: 0
      objectReference: {fileID: 0}
    - target: {fileID: 6863721814613925753, guid: 9bf56ecfa333a7f46847a0ed7016d1e1,
        type: 3}
      propertyPath: m_AnchoredPosition.y
      value: 0
      objectReference: {fileID: 0}
    - target: {fileID: 6863721814613925753, guid: 9bf56ecfa333a7f46847a0ed7016d1e1,
        type: 3}
      propertyPath: m_SizeDelta.x
      value: 0
      objectReference: {fileID: 0}
    - target: {fileID: 6924475079063504316, guid: 9bf56ecfa333a7f46847a0ed7016d1e1,
        type: 3}
      propertyPath: m_AnchorMin.y
      value: 0
      objectReference: {fileID: 0}
    - target: {fileID: 6924475079063504316, guid: 9bf56ecfa333a7f46847a0ed7016d1e1,
        type: 3}
      propertyPath: m_AnchorMax.y
      value: 0
      objectReference: {fileID: 0}
    - target: {fileID: 7057094914376925761, guid: 9bf56ecfa333a7f46847a0ed7016d1e1,
        type: 3}
      propertyPath: m_SizeDelta.x
      value: 0
      objectReference: {fileID: 0}
    - target: {fileID: 7057094914376925761, guid: 9bf56ecfa333a7f46847a0ed7016d1e1,
        type: 3}
      propertyPath: m_SizeDelta.y
      value: 0
      objectReference: {fileID: 0}
    - target: {fileID: 7683077707800581880, guid: 9bf56ecfa333a7f46847a0ed7016d1e1,
        type: 3}
      propertyPath: m_AnchorMin.y
      value: 0
      objectReference: {fileID: 0}
    - target: {fileID: 7683077707800581880, guid: 9bf56ecfa333a7f46847a0ed7016d1e1,
        type: 3}
      propertyPath: m_AnchorMax.y
      value: 0
      objectReference: {fileID: 0}
    - target: {fileID: 7683077707800581880, guid: 9bf56ecfa333a7f46847a0ed7016d1e1,
        type: 3}
      propertyPath: m_AnchoredPosition.x
      value: 0
      objectReference: {fileID: 0}
    m_RemovedComponents:
    - {fileID: 4345116322019974154, guid: 9bf56ecfa333a7f46847a0ed7016d1e1, type: 3}
    - {fileID: 4345116322019974149, guid: 9bf56ecfa333a7f46847a0ed7016d1e1, type: 3}
  m_SourcePrefab: {fileID: 100100000, guid: 9bf56ecfa333a7f46847a0ed7016d1e1, type: 3}
--- !u!224 &8720020111791732433 stripped
RectTransform:
  m_CorrespondingSourceObject: {fileID: 4345116322019974152, guid: 9bf56ecfa333a7f46847a0ed7016d1e1,
    type: 3}
  m_PrefabInstance: {fileID: 4994290025787763417}
  m_PrefabAsset: {fileID: 0}
