%YAML 1.1
%TAG !u! tag:unity3d.com,2011:
--- !u!1 &1104277596344202558
GameObject:
  m_ObjectHideFlags: 0
  m_CorrespondingSourceObject: {fileID: 0}
  m_PrefabInstance: {fileID: 0}
  m_PrefabAsset: {fileID: 0}
  serializedVersion: 6
  m_Component:
  - component: {fileID: 7175741170626243720}
  - component: {fileID: 510425632257151606}
  m_Layer: 5
  m_Name: ScoresHolder
  m_TagString: Untagged
  m_Icon: {fileID: 0}
  m_NavMeshLayer: 0
  m_StaticEditorFlags: 0
  m_IsActive: 1
--- !u!224 &7175741170626243720
RectTransform:
  m_ObjectHideFlags: 0
  m_CorrespondingSourceObject: {fileID: 0}
  m_PrefabInstance: {fileID: 0}
  m_PrefabAsset: {fileID: 0}
  m_GameObject: {fileID: 1104277596344202558}
  m_LocalRotation: {x: 0, y: 0, z: 0, w: 1}
  m_LocalPosition: {x: 0, y: 0, z: 0}
  m_LocalScale: {x: 1, y: 1, z: 1}
  m_Children:
  - {fileID: 7192998368721950397}
  m_Father: {fileID: 7317241124371114302}
  m_RootOrder: 4
  m_LocalEulerAnglesHint: {x: 0, y: 0, z: 0}
  m_AnchorMin: {x: 0, y: 0}
  m_AnchorMax: {x: 0, y: 0}
  m_AnchoredPosition: {x: 0, y: 0}
  m_SizeDelta: {x: 0, y: 0}
  m_Pivot: {x: 0.5, y: 0.5}
--- !u!114 &510425632257151606
MonoBehaviour:
  m_ObjectHideFlags: 0
  m_CorrespondingSourceObject: {fileID: 0}
  m_PrefabInstance: {fileID: 0}
  m_PrefabAsset: {fileID: 0}
  m_GameObject: {fileID: 1104277596344202558}
  m_Enabled: 1
  m_EditorHideFlags: 0
  m_Script: {fileID: 11500000, guid: 59f8146938fff824cb5fd77236b75775, type: 3}
  m_Name: 
  m_EditorClassIdentifier: 
  m_Padding:
    m_Left: 0
    m_Right: 0
    m_Top: 0
    m_Bottom: 0
  m_ChildAlignment: 0
  m_Spacing: 0
  m_ChildForceExpandWidth: 1
  m_ChildForceExpandHeight: 1
  m_ChildControlWidth: 1
  m_ChildControlHeight: 1
  m_ChildScaleWidth: 0
  m_ChildScaleHeight: 0
--- !u!1 &1356831053436769689
GameObject:
  m_ObjectHideFlags: 0
  m_CorrespondingSourceObject: {fileID: 0}
  m_PrefabInstance: {fileID: 0}
  m_PrefabAsset: {fileID: 0}
  serializedVersion: 6
  m_Component:
  - component: {fileID: 7492300197108018410}
  - component: {fileID: 7360731160769588541}
  m_Layer: 5
  m_Name: Content Holder
  m_TagString: Untagged
  m_Icon: {fileID: 0}
  m_NavMeshLayer: 0
  m_StaticEditorFlags: 0
  m_IsActive: 1
--- !u!224 &7492300197108018410
RectTransform:
  m_ObjectHideFlags: 0
  m_CorrespondingSourceObject: {fileID: 0}
  m_PrefabInstance: {fileID: 0}
  m_PrefabAsset: {fileID: 0}
  m_GameObject: {fileID: 1356831053436769689}
  m_LocalRotation: {x: 0, y: 0, z: 0, w: 1}
  m_LocalPosition: {x: 0, y: 0, z: 0}
  m_LocalScale: {x: 1, y: 1, z: 1}
  m_Children: []
  m_Father: {fileID: 7317241124371114302}
  m_RootOrder: 5
  m_LocalEulerAnglesHint: {x: 0, y: 0, z: 0}
  m_AnchorMin: {x: 0, y: 0}
  m_AnchorMax: {x: 0, y: 0}
  m_AnchoredPosition: {x: 0, y: 0}
  m_SizeDelta: {x: 0, y: 0}
  m_Pivot: {x: 0.5, y: 0.5}
--- !u!114 &7360731160769588541
MonoBehaviour:
  m_ObjectHideFlags: 0
  m_CorrespondingSourceObject: {fileID: 0}
  m_PrefabInstance: {fileID: 0}
  m_PrefabAsset: {fileID: 0}
  m_GameObject: {fileID: 1356831053436769689}
  m_Enabled: 1
  m_EditorHideFlags: 0
  m_Script: {fileID: 11500000, guid: 59f8146938fff824cb5fd77236b75775, type: 3}
  m_Name: 
  m_EditorClassIdentifier: 
  m_Padding:
    m_Left: 11
    m_Right: 0
    m_Top: 10
    m_Bottom: 0
  m_ChildAlignment: 0
  m_Spacing: 15
  m_ChildForceExpandWidth: 0
  m_ChildForceExpandHeight: 1
  m_ChildControlWidth: 1
  m_ChildControlHeight: 1
  m_ChildScaleWidth: 0
  m_ChildScaleHeight: 0
--- !u!1 &4048509710836034134
GameObject:
  m_ObjectHideFlags: 0
  m_CorrespondingSourceObject: {fileID: 0}
  m_PrefabInstance: {fileID: 0}
  m_PrefabAsset: {fileID: 0}
  serializedVersion: 6
  m_Component:
  - component: {fileID: 4048509710836034133}
  - component: {fileID: 4048509710836034132}
  m_Layer: 5
  m_Name: Group Name
  m_TagString: Untagged
  m_Icon: {fileID: 0}
  m_NavMeshLayer: 0
  m_StaticEditorFlags: 0
  m_IsActive: 1
--- !u!224 &4048509710836034133
RectTransform:
  m_ObjectHideFlags: 0
  m_CorrespondingSourceObject: {fileID: 0}
  m_PrefabInstance: {fileID: 0}
  m_PrefabAsset: {fileID: 0}
  m_GameObject: {fileID: 4048509710836034134}
  m_LocalRotation: {x: -0, y: -0, z: -0, w: 1}
  m_LocalPosition: {x: 0, y: 0, z: 0}
  m_LocalScale: {x: 1, y: 1, z: 1}
  m_Children:
  - {fileID: 4048509710181140820}
  m_Father: {fileID: 7317241124371114302}
  m_RootOrder: 0
  m_LocalEulerAnglesHint: {x: 0, y: 0, z: 0}
  m_AnchorMin: {x: 0, y: 0}
  m_AnchorMax: {x: 0, y: 0}
  m_AnchoredPosition: {x: 0, y: 0}
  m_SizeDelta: {x: 0, y: 0}
  m_Pivot: {x: 0.5, y: 0.5}
--- !u!114 &4048509710836034132
MonoBehaviour:
  m_ObjectHideFlags: 0
  m_CorrespondingSourceObject: {fileID: 0}
  m_PrefabInstance: {fileID: 0}
  m_PrefabAsset: {fileID: 0}
  m_GameObject: {fileID: 4048509710836034134}
  m_Enabled: 1
  m_EditorHideFlags: 0
  m_Script: {fileID: 11500000, guid: 306cc8c2b49d7114eaa3623786fc2126, type: 3}
  m_Name: 
  m_EditorClassIdentifier: 
  m_IgnoreLayout: 0
  m_MinWidth: 900
  m_MinHeight: 80
  m_PreferredWidth: -1
  m_PreferredHeight: -1
  m_FlexibleWidth: -1
  m_FlexibleHeight: -1
  m_LayoutPriority: 1
--- !u!1 &4048509710911744882
GameObject:
  m_ObjectHideFlags: 0
  m_CorrespondingSourceObject: {fileID: 0}
  m_PrefabInstance: {fileID: 0}
  m_PrefabAsset: {fileID: 0}
  serializedVersion: 6
  m_Component:
  - component: {fileID: 4048509710911744881}
  - component: {fileID: 4048509710911744880}
  m_Layer: 5
  m_Name: Panel Name
  m_TagString: Untagged
  m_Icon: {fileID: 0}
  m_NavMeshLayer: 0
  m_StaticEditorFlags: 0
  m_IsActive: 1
--- !u!224 &4048509710911744881
RectTransform:
  m_ObjectHideFlags: 0
  m_CorrespondingSourceObject: {fileID: 0}
  m_PrefabInstance: {fileID: 0}
  m_PrefabAsset: {fileID: 0}
  m_GameObject: {fileID: 4048509710911744882}
  m_LocalRotation: {x: -0, y: -0, z: -0, w: 1}
  m_LocalPosition: {x: 0, y: 0, z: 0}
  m_LocalScale: {x: 1, y: 1, z: 1}
  m_Children:
  - {fileID: 4048509711435079326}
  m_Father: {fileID: 7317241124371114302}
  m_RootOrder: 1
  m_LocalEulerAnglesHint: {x: 0, y: 0, z: 0}
  m_AnchorMin: {x: 0, y: 0}
  m_AnchorMax: {x: 0, y: 0}
  m_AnchoredPosition: {x: 0, y: 0}
  m_SizeDelta: {x: 0, y: 0}
  m_Pivot: {x: 0.5, y: 0.5}
--- !u!114 &4048509710911744880
MonoBehaviour:
  m_ObjectHideFlags: 0
  m_CorrespondingSourceObject: {fileID: 0}
  m_PrefabInstance: {fileID: 0}
  m_PrefabAsset: {fileID: 0}
  m_GameObject: {fileID: 4048509710911744882}
  m_Enabled: 1
  m_EditorHideFlags: 0
  m_Script: {fileID: 11500000, guid: 306cc8c2b49d7114eaa3623786fc2126, type: 3}
  m_Name: 
  m_EditorClassIdentifier: 
  m_IgnoreLayout: 0
  m_MinWidth: 900
  m_MinHeight: 80
  m_PreferredWidth: -1
  m_PreferredHeight: -1
  m_FlexibleWidth: -1
  m_FlexibleHeight: -1
  m_LayoutPriority: 1
--- !u!1 &6376825262061392824
GameObject:
  m_ObjectHideFlags: 0
  m_CorrespondingSourceObject: {fileID: 0}
  m_PrefabInstance: {fileID: 0}
  m_PrefabAsset: {fileID: 0}
  serializedVersion: 6
  m_Component:
  - component: {fileID: 1319854445346934166}
  - component: {fileID: 3064327120441843324}
  m_Layer: 5
  m_Name: Side Name
  m_TagString: Untagged
  m_Icon: {fileID: 0}
  m_NavMeshLayer: 0
  m_StaticEditorFlags: 0
  m_IsActive: 1
--- !u!224 &1319854445346934166
RectTransform:
  m_ObjectHideFlags: 0
  m_CorrespondingSourceObject: {fileID: 0}
  m_PrefabInstance: {fileID: 0}
  m_PrefabAsset: {fileID: 0}
  m_GameObject: {fileID: 6376825262061392824}
  m_LocalRotation: {x: -0, y: -0, z: -0, w: 1}
  m_LocalPosition: {x: 0, y: 0, z: 0}
  m_LocalScale: {x: 1, y: 1, z: 1}
  m_Children:
  - {fileID: 4842632400336891066}
  m_Father: {fileID: 7317241124371114302}
  m_RootOrder: 3
  m_LocalEulerAnglesHint: {x: 0, y: 0, z: 0}
  m_AnchorMin: {x: 0, y: 0}
  m_AnchorMax: {x: 0, y: 0}
  m_AnchoredPosition: {x: 0, y: 0}
  m_SizeDelta: {x: 0, y: 0}
  m_Pivot: {x: 0.5, y: 0.5}
--- !u!114 &3064327120441843324
MonoBehaviour:
  m_ObjectHideFlags: 0
  m_CorrespondingSourceObject: {fileID: 0}
  m_PrefabInstance: {fileID: 0}
  m_PrefabAsset: {fileID: 0}
  m_GameObject: {fileID: 6376825262061392824}
  m_Enabled: 1
  m_EditorHideFlags: 0
  m_Script: {fileID: 11500000, guid: 306cc8c2b49d7114eaa3623786fc2126, type: 3}
  m_Name: 
  m_EditorClassIdentifier: 
  m_IgnoreLayout: 0
  m_MinWidth: 900
  m_MinHeight: 80
  m_PreferredWidth: -1
  m_PreferredHeight: -1
  m_FlexibleWidth: -1
  m_FlexibleHeight: -1
  m_LayoutPriority: 1
--- !u!1 &7317241124371114289
GameObject:
  m_ObjectHideFlags: 0
  m_CorrespondingSourceObject: {fileID: 0}
  m_PrefabInstance: {fileID: 0}
  m_PrefabAsset: {fileID: 0}
  serializedVersion: 6
  m_Component:
  - component: {fileID: 7317241124371114302}
  - component: {fileID: 7317241124371114303}
  - component: {fileID: 3991631391680095806}
  m_Layer: 5
  m_Name: MainPanel_View
  m_TagString: Untagged
  m_Icon: {fileID: 0}
  m_NavMeshLayer: 0
  m_StaticEditorFlags: 0
  m_IsActive: 1
--- !u!224 &7317241124371114302
RectTransform:
  m_ObjectHideFlags: 0
  m_CorrespondingSourceObject: {fileID: 0}
  m_PrefabInstance: {fileID: 0}
  m_PrefabAsset: {fileID: 0}
  m_GameObject: {fileID: 7317241124371114289}
  m_LocalRotation: {x: 0, y: 0, z: 0, w: 1}
  m_LocalPosition: {x: 0, y: 0, z: 0}
  m_LocalScale: {x: 1, y: 1, z: 1}
  m_Children:
  - {fileID: 4048509710836034133}
  - {fileID: 4048509710911744881}
  - {fileID: 1068893008801917974}
  - {fileID: 1319854445346934166}
  - {fileID: 7175741170626243720}
  - {fileID: 7492300197108018410}
  m_Father: {fileID: 0}
  m_RootOrder: 0
  m_LocalEulerAnglesHint: {x: 0, y: 0, z: 0}
  m_AnchorMin: {x: 0, y: 0}
  m_AnchorMax: {x: 0, y: 0}
  m_AnchoredPosition: {x: 0, y: 0}
  m_SizeDelta: {x: 0, y: 0}
  m_Pivot: {x: 0.5, y: 0.5}
--- !u!114 &7317241124371114303
MonoBehaviour:
  m_ObjectHideFlags: 0
  m_CorrespondingSourceObject: {fileID: 0}
  m_PrefabInstance: {fileID: 0}
  m_PrefabAsset: {fileID: 0}
  m_GameObject: {fileID: 7317241124371114289}
  m_Enabled: 1
  m_EditorHideFlags: 0
  m_Script: {fileID: 11500000, guid: 59f8146938fff824cb5fd77236b75775, type: 3}
  m_Name: 
  m_EditorClassIdentifier: 
  m_Padding:
    m_Left: 0
    m_Right: 0
    m_Top: 0
    m_Bottom: 0
  m_ChildAlignment: 0
  m_Spacing: 10
  m_ChildForceExpandWidth: 1
  m_ChildForceExpandHeight: 1
  m_ChildControlWidth: 1
  m_ChildControlHeight: 1
  m_ChildScaleWidth: 0
  m_ChildScaleHeight: 0
--- !u!114 &3991631391680095806
MonoBehaviour:
  m_ObjectHideFlags: 0
  m_CorrespondingSourceObject: {fileID: 0}
  m_PrefabInstance: {fileID: 0}
  m_PrefabAsset: {fileID: 0}
  m_GameObject: {fileID: 7317241124371114289}
  m_Enabled: 1
  m_EditorHideFlags: 0
  m_Script: {fileID: 11500000, guid: 4a23d8e7d62edcc46aebe633e8b66d1e, type: 3}
  m_Name: 
  m_EditorClassIdentifier: 
  groupName: {fileID: 446563923046614793}
  panelName: {fileID: 2339700440524787395}
  contentHolder: {fileID: 7492300197108018410}
  panel_IsReady_TobeViewed: {fileID: 0}
  sectionName: {fileID: 3398144788979993413}
  sideName: {fileID: 6585115347058179303}
  scoreHolder: {fileID: 7175741170626243720}
  scores: {fileID: 6225378064111470679}
--- !u!1 &8981986992566780940
GameObject:
  m_ObjectHideFlags: 0
  m_CorrespondingSourceObject: {fileID: 0}
  m_PrefabInstance: {fileID: 0}
  m_PrefabAsset: {fileID: 0}
  serializedVersion: 6
  m_Component:
  - component: {fileID: 1068893008801917974}
  - component: {fileID: 8290120716096666007}
  m_Layer: 5
  m_Name: Section Name
  m_TagString: Untagged
  m_Icon: {fileID: 0}
  m_NavMeshLayer: 0
  m_StaticEditorFlags: 0
  m_IsActive: 1
--- !u!224 &1068893008801917974
RectTransform:
  m_ObjectHideFlags: 0
  m_CorrespondingSourceObject: {fileID: 0}
  m_PrefabInstance: {fileID: 0}
  m_PrefabAsset: {fileID: 0}
  m_GameObject: {fileID: 8981986992566780940}
  m_LocalRotation: {x: -0, y: -0, z: -0, w: 1}
  m_LocalPosition: {x: 0, y: 0, z: 0}
  m_LocalScale: {x: 1, y: 1, z: 1}
  m_Children:
  - {fileID: 3999154309840231192}
  m_Father: {fileID: 7317241124371114302}
  m_RootOrder: 2
  m_LocalEulerAnglesHint: {x: 0, y: 0, z: 0}
  m_AnchorMin: {x: 0, y: 0}
  m_AnchorMax: {x: 0, y: 0}
  m_AnchoredPosition: {x: 0, y: 0}
  m_SizeDelta: {x: 0, y: 0}
  m_Pivot: {x: 0.5, y: 0.5}
--- !u!114 &8290120716096666007
MonoBehaviour:
  m_ObjectHideFlags: 0
  m_CorrespondingSourceObject: {fileID: 0}
  m_PrefabInstance: {fileID: 0}
  m_PrefabAsset: {fileID: 0}
  m_GameObject: {fileID: 8981986992566780940}
  m_Enabled: 1
  m_EditorHideFlags: 0
  m_Script: {fileID: 11500000, guid: 306cc8c2b49d7114eaa3623786fc2126, type: 3}
  m_Name: 
  m_EditorClassIdentifier: 
  m_IgnoreLayout: 0
  m_MinWidth: 900
  m_MinHeight: 80
  m_PreferredWidth: -1
  m_PreferredHeight: -1
  m_FlexibleWidth: -1
  m_FlexibleHeight: -1
  m_LayoutPriority: 1
--- !u!1001 &101697187200105264
PrefabInstance:
  m_ObjectHideFlags: 0
  serializedVersion: 2
  m_Modification:
    m_TransformParent: {fileID: 1068893008801917974}
    m_Modifications:
    - target: {fileID: 3333208686880927861, guid: c74ca1eb9f8a8804780866fe85ab84c2,
        type: 3}
      propertyPath: m_FontData.m_MaxSize
      value: 40
      objectReference: {fileID: 0}
    - target: {fileID: 3897465966246240296, guid: c74ca1eb9f8a8804780866fe85ab84c2,
        type: 3}
      propertyPath: m_LocalPosition.x
      value: 0
      objectReference: {fileID: 0}
    - target: {fileID: 3897465966246240296, guid: c74ca1eb9f8a8804780866fe85ab84c2,
        type: 3}
      propertyPath: m_LocalPosition.y
      value: 0
      objectReference: {fileID: 0}
    - target: {fileID: 3897465966246240296, guid: c74ca1eb9f8a8804780866fe85ab84c2,
        type: 3}
      propertyPath: m_LocalPosition.z
      value: 0
      objectReference: {fileID: 0}
    - target: {fileID: 3897465966246240296, guid: c74ca1eb9f8a8804780866fe85ab84c2,
        type: 3}
      propertyPath: m_LocalRotation.x
      value: 0
      objectReference: {fileID: 0}
    - target: {fileID: 3897465966246240296, guid: c74ca1eb9f8a8804780866fe85ab84c2,
        type: 3}
      propertyPath: m_LocalRotation.y
      value: 0
      objectReference: {fileID: 0}
    - target: {fileID: 3897465966246240296, guid: c74ca1eb9f8a8804780866fe85ab84c2,
        type: 3}
      propertyPath: m_LocalRotation.z
      value: 0
      objectReference: {fileID: 0}
    - target: {fileID: 3897465966246240296, guid: c74ca1eb9f8a8804780866fe85ab84c2,
        type: 3}
      propertyPath: m_LocalRotation.w
      value: 1
      objectReference: {fileID: 0}
    - target: {fileID: 3897465966246240296, guid: c74ca1eb9f8a8804780866fe85ab84c2,
        type: 3}
      propertyPath: m_RootOrder
      value: 0
      objectReference: {fileID: 0}
    - target: {fileID: 3897465966246240296, guid: c74ca1eb9f8a8804780866fe85ab84c2,
        type: 3}
      propertyPath: m_LocalEulerAnglesHint.x
      value: 0
      objectReference: {fileID: 0}
    - target: {fileID: 3897465966246240296, guid: c74ca1eb9f8a8804780866fe85ab84c2,
        type: 3}
      propertyPath: m_LocalEulerAnglesHint.y
      value: 0
      objectReference: {fileID: 0}
    - target: {fileID: 3897465966246240296, guid: c74ca1eb9f8a8804780866fe85ab84c2,
        type: 3}
      propertyPath: m_LocalEulerAnglesHint.z
      value: 0
      objectReference: {fileID: 0}
    - target: {fileID: 3897465966246240296, guid: c74ca1eb9f8a8804780866fe85ab84c2,
        type: 3}
      propertyPath: m_AnchoredPosition.x
      value: 0
      objectReference: {fileID: 0}
    - target: {fileID: 3897465966246240296, guid: c74ca1eb9f8a8804780866fe85ab84c2,
        type: 3}
      propertyPath: m_AnchoredPosition.y
      value: 0
      objectReference: {fileID: 0}
    - target: {fileID: 3897465966246240296, guid: c74ca1eb9f8a8804780866fe85ab84c2,
        type: 3}
      propertyPath: m_SizeDelta.x
      value: 0
      objectReference: {fileID: 0}
    - target: {fileID: 3897465966246240296, guid: c74ca1eb9f8a8804780866fe85ab84c2,
        type: 3}
      propertyPath: m_SizeDelta.y
      value: 0
      objectReference: {fileID: 0}
    - target: {fileID: 3897465966246240296, guid: c74ca1eb9f8a8804780866fe85ab84c2,
        type: 3}
      propertyPath: m_AnchorMin.x
      value: 0
      objectReference: {fileID: 0}
    - target: {fileID: 3897465966246240296, guid: c74ca1eb9f8a8804780866fe85ab84c2,
        type: 3}
      propertyPath: m_AnchorMin.y
      value: 0
      objectReference: {fileID: 0}
    - target: {fileID: 3897465966246240296, guid: c74ca1eb9f8a8804780866fe85ab84c2,
        type: 3}
      propertyPath: m_AnchorMax.x
      value: 1
      objectReference: {fileID: 0}
    - target: {fileID: 3897465966246240296, guid: c74ca1eb9f8a8804780866fe85ab84c2,
        type: 3}
      propertyPath: m_AnchorMax.y
      value: 1
      objectReference: {fileID: 0}
    - target: {fileID: 3897465966246240296, guid: c74ca1eb9f8a8804780866fe85ab84c2,
        type: 3}
      propertyPath: m_Pivot.x
      value: 0.5
      objectReference: {fileID: 0}
    - target: {fileID: 3897465966246240296, guid: c74ca1eb9f8a8804780866fe85ab84c2,
        type: 3}
      propertyPath: m_Pivot.y
      value: 0.5
      objectReference: {fileID: 0}
    - target: {fileID: 3897465966246240297, guid: c74ca1eb9f8a8804780866fe85ab84c2,
        type: 3}
      propertyPath: m_Name
      value: Third Header
      objectReference: {fileID: 0}
    m_RemovedComponents: []
  m_SourcePrefab: {fileID: 100100000, guid: c74ca1eb9f8a8804780866fe85ab84c2, type: 3}
--- !u!224 &3999154309840231192 stripped
RectTransform:
  m_CorrespondingSourceObject: {fileID: 3897465966246240296, guid: c74ca1eb9f8a8804780866fe85ab84c2,
    type: 3}
  m_PrefabInstance: {fileID: 101697187200105264}
  m_PrefabAsset: {fileID: 0}
--- !u!114 &3398144788979993413 stripped
MonoBehaviour:
  m_CorrespondingSourceObject: {fileID: 3333208686880927861, guid: c74ca1eb9f8a8804780866fe85ab84c2,
    type: 3}
  m_PrefabInstance: {fileID: 101697187200105264}
  m_PrefabAsset: {fileID: 0}
  m_GameObject: {fileID: 0}
  m_Enabled: 1
  m_EditorHideFlags: 0
  m_Script: {fileID: 11500000, guid: 5f7201a12d95ffc409449d95f23cf332, type: 3}
  m_Name: 
  m_EditorClassIdentifier: 
--- !u!1001 &3818440843138969932
PrefabInstance:
  m_ObjectHideFlags: 0
  serializedVersion: 2
  m_Modification:
    m_TransformParent: {fileID: 4048509710911744881}
    m_Modifications:
    - target: {fileID: 924048910893887442, guid: b185b09ef2487db4f98431ae6ae39b45,
        type: 3}
      propertyPath: m_LocalPosition.x
      value: 0
      objectReference: {fileID: 0}
    - target: {fileID: 924048910893887442, guid: b185b09ef2487db4f98431ae6ae39b45,
        type: 3}
      propertyPath: m_LocalPosition.y
      value: 0
      objectReference: {fileID: 0}
    - target: {fileID: 924048910893887442, guid: b185b09ef2487db4f98431ae6ae39b45,
        type: 3}
      propertyPath: m_LocalPosition.z
      value: 0
      objectReference: {fileID: 0}
    - target: {fileID: 924048910893887442, guid: b185b09ef2487db4f98431ae6ae39b45,
        type: 3}
      propertyPath: m_LocalRotation.x
      value: 0
      objectReference: {fileID: 0}
    - target: {fileID: 924048910893887442, guid: b185b09ef2487db4f98431ae6ae39b45,
        type: 3}
      propertyPath: m_LocalRotation.y
      value: 0
      objectReference: {fileID: 0}
    - target: {fileID: 924048910893887442, guid: b185b09ef2487db4f98431ae6ae39b45,
        type: 3}
      propertyPath: m_LocalRotation.z
      value: 0
      objectReference: {fileID: 0}
    - target: {fileID: 924048910893887442, guid: b185b09ef2487db4f98431ae6ae39b45,
        type: 3}
      propertyPath: m_LocalRotation.w
      value: 1
      objectReference: {fileID: 0}
    - target: {fileID: 924048910893887442, guid: b185b09ef2487db4f98431ae6ae39b45,
        type: 3}
      propertyPath: m_RootOrder
      value: 0
      objectReference: {fileID: 0}
    - target: {fileID: 924048910893887442, guid: b185b09ef2487db4f98431ae6ae39b45,
        type: 3}
      propertyPath: m_LocalEulerAnglesHint.x
      value: 0
      objectReference: {fileID: 0}
    - target: {fileID: 924048910893887442, guid: b185b09ef2487db4f98431ae6ae39b45,
        type: 3}
      propertyPath: m_LocalEulerAnglesHint.y
      value: 0
      objectReference: {fileID: 0}
    - target: {fileID: 924048910893887442, guid: b185b09ef2487db4f98431ae6ae39b45,
        type: 3}
      propertyPath: m_LocalEulerAnglesHint.z
      value: 0
      objectReference: {fileID: 0}
    - target: {fileID: 924048910893887442, guid: b185b09ef2487db4f98431ae6ae39b45,
        type: 3}
      propertyPath: m_AnchoredPosition.x
      value: 0
      objectReference: {fileID: 0}
    - target: {fileID: 924048910893887442, guid: b185b09ef2487db4f98431ae6ae39b45,
        type: 3}
      propertyPath: m_AnchoredPosition.y
      value: 0
      objectReference: {fileID: 0}
    - target: {fileID: 924048910893887442, guid: b185b09ef2487db4f98431ae6ae39b45,
        type: 3}
      propertyPath: m_SizeDelta.x
      value: 0
      objectReference: {fileID: 0}
    - target: {fileID: 924048910893887442, guid: b185b09ef2487db4f98431ae6ae39b45,
        type: 3}
      propertyPath: m_SizeDelta.y
      value: 0
      objectReference: {fileID: 0}
    - target: {fileID: 924048910893887442, guid: b185b09ef2487db4f98431ae6ae39b45,
        type: 3}
      propertyPath: m_AnchorMin.x
      value: 0
      objectReference: {fileID: 0}
    - target: {fileID: 924048910893887442, guid: b185b09ef2487db4f98431ae6ae39b45,
        type: 3}
      propertyPath: m_AnchorMin.y
      value: 0
      objectReference: {fileID: 0}
    - target: {fileID: 924048910893887442, guid: b185b09ef2487db4f98431ae6ae39b45,
        type: 3}
      propertyPath: m_AnchorMax.x
      value: 1
      objectReference: {fileID: 0}
    - target: {fileID: 924048910893887442, guid: b185b09ef2487db4f98431ae6ae39b45,
        type: 3}
      propertyPath: m_AnchorMax.y
      value: 1
      objectReference: {fileID: 0}
    - target: {fileID: 924048910893887442, guid: b185b09ef2487db4f98431ae6ae39b45,
        type: 3}
      propertyPath: m_Pivot.x
      value: 0.5
      objectReference: {fileID: 0}
    - target: {fileID: 924048910893887442, guid: b185b09ef2487db4f98431ae6ae39b45,
        type: 3}
      propertyPath: m_Pivot.y
      value: 0.5
      objectReference: {fileID: 0}
    - target: {fileID: 924048910893887443, guid: b185b09ef2487db4f98431ae6ae39b45,
        type: 3}
      propertyPath: m_Name
      value: Second Header
      objectReference: {fileID: 0}
    - target: {fileID: 1478757999239118735, guid: b185b09ef2487db4f98431ae6ae39b45,
        type: 3}
      propertyPath: m_FontData.m_HorizontalOverflow
      value: 0
      objectReference: {fileID: 0}
    - target: {fileID: 1478757999239118735, guid: b185b09ef2487db4f98431ae6ae39b45,
        type: 3}
      propertyPath: m_FontData.m_VerticalOverflow
      value: 0
      objectReference: {fileID: 0}
    - target: {fileID: 1478757999239118735, guid: b185b09ef2487db4f98431ae6ae39b45,
        type: 3}
      propertyPath: m_FontData.m_MaxSize
      value: 50
      objectReference: {fileID: 0}
    m_RemovedComponents: []
  m_SourcePrefab: {fileID: 100100000, guid: b185b09ef2487db4f98431ae6ae39b45, type: 3}
--- !u!114 &2339700440524787395 stripped
MonoBehaviour:
  m_CorrespondingSourceObject: {fileID: 1478757999239118735, guid: b185b09ef2487db4f98431ae6ae39b45,
    type: 3}
  m_PrefabInstance: {fileID: 3818440843138969932}
  m_PrefabAsset: {fileID: 0}
  m_GameObject: {fileID: 0}
  m_Enabled: 1
  m_EditorHideFlags: 0
  m_Script: {fileID: 11500000, guid: 5f7201a12d95ffc409449d95f23cf332, type: 3}
  m_Name: 
  m_EditorClassIdentifier: 
--- !u!224 &4048509711435079326 stripped
RectTransform:
  m_CorrespondingSourceObject: {fileID: 924048910893887442, guid: b185b09ef2487db4f98431ae6ae39b45,
    type: 3}
  m_PrefabInstance: {fileID: 3818440843138969932}
  m_PrefabAsset: {fileID: 0}
--- !u!1001 &5552374743611704244
PrefabInstance:
  m_ObjectHideFlags: 0
  serializedVersion: 2
  m_Modification:
    m_TransformParent: {fileID: 7175741170626243720}
    m_Modifications:
    - target: {fileID: 219336669840780956, guid: 95a195076d8d4d84b9245a014a4a51ec,
        type: 3}
      propertyPath: m_AnchorMin.y
      value: 0
      objectReference: {fileID: 0}
    - target: {fileID: 219336669840780956, guid: 95a195076d8d4d84b9245a014a4a51ec,
        type: 3}
      propertyPath: m_AnchorMax.y
      value: 0
      objectReference: {fileID: 0}
    - target: {fileID: 219336669840780956, guid: 95a195076d8d4d84b9245a014a4a51ec,
        type: 3}
      propertyPath: m_AnchoredPosition.x
      value: 0
      objectReference: {fileID: 0}
    - target: {fileID: 219336669840780956, guid: 95a195076d8d4d84b9245a014a4a51ec,
        type: 3}
      propertyPath: m_AnchoredPosition.y
      value: 0
      objectReference: {fileID: 0}
    - target: {fileID: 219336669840780956, guid: 95a195076d8d4d84b9245a014a4a51ec,
        type: 3}
      propertyPath: m_SizeDelta.x
      value: 0
      objectReference: {fileID: 0}
    - target: {fileID: 219336669840780956, guid: 95a195076d8d4d84b9245a014a4a51ec,
        type: 3}
      propertyPath: m_SizeDelta.y
      value: 0
      objectReference: {fileID: 0}
    - target: {fileID: 316282789828942376, guid: 95a195076d8d4d84b9245a014a4a51ec,
        type: 3}
      propertyPath: m_AnchorMin.y
      value: 0
      objectReference: {fileID: 0}
    - target: {fileID: 316282789828942376, guid: 95a195076d8d4d84b9245a014a4a51ec,
        type: 3}
      propertyPath: m_AnchorMax.y
      value: 0
      objectReference: {fileID: 0}
    - target: {fileID: 316282789828942376, guid: 95a195076d8d4d84b9245a014a4a51ec,
        type: 3}
      propertyPath: m_AnchoredPosition.x
      value: 0
      objectReference: {fileID: 0}
    - target: {fileID: 316282789828942376, guid: 95a195076d8d4d84b9245a014a4a51ec,
        type: 3}
      propertyPath: m_AnchoredPosition.y
      value: 0
      objectReference: {fileID: 0}
    - target: {fileID: 316282789828942376, guid: 95a195076d8d4d84b9245a014a4a51ec,
        type: 3}
      propertyPath: m_SizeDelta.y
      value: 0
      objectReference: {fileID: 0}
    - target: {fileID: 841501759391373897, guid: 95a195076d8d4d84b9245a014a4a51ec,
        type: 3}
      propertyPath: m_AnchorMin.y
      value: 0
      objectReference: {fileID: 0}
    - target: {fileID: 841501759391373897, guid: 95a195076d8d4d84b9245a014a4a51ec,
        type: 3}
      propertyPath: m_AnchorMax.y
      value: 0
      objectReference: {fileID: 0}
    - target: {fileID: 841501759391373897, guid: 95a195076d8d4d84b9245a014a4a51ec,
        type: 3}
      propertyPath: m_AnchoredPosition.x
      value: 0
      objectReference: {fileID: 0}
    - target: {fileID: 841501759391373897, guid: 95a195076d8d4d84b9245a014a4a51ec,
        type: 3}
      propertyPath: m_AnchoredPosition.y
      value: 0
      objectReference: {fileID: 0}
    - target: {fileID: 841501759391373897, guid: 95a195076d8d4d84b9245a014a4a51ec,
        type: 3}
      propertyPath: m_SizeDelta.y
      value: 0
      objectReference: {fileID: 0}
    - target: {fileID: 1153405092101190128, guid: 95a195076d8d4d84b9245a014a4a51ec,
        type: 3}
      propertyPath: m_AnchorMin.y
      value: 0
      objectReference: {fileID: 0}
    - target: {fileID: 1153405092101190128, guid: 95a195076d8d4d84b9245a014a4a51ec,
        type: 3}
      propertyPath: m_AnchorMax.y
      value: 0
      objectReference: {fileID: 0}
    - target: {fileID: 1153405092101190128, guid: 95a195076d8d4d84b9245a014a4a51ec,
        type: 3}
      propertyPath: m_AnchoredPosition.x
      value: 0
      objectReference: {fileID: 0}
    - target: {fileID: 1153405092101190128, guid: 95a195076d8d4d84b9245a014a4a51ec,
        type: 3}
      propertyPath: m_AnchoredPosition.y
      value: 0
      objectReference: {fileID: 0}
    - target: {fileID: 1153405092101190128, guid: 95a195076d8d4d84b9245a014a4a51ec,
        type: 3}
      propertyPath: m_SizeDelta.x
      value: 0
      objectReference: {fileID: 0}
    - target: {fileID: 1153405092101190128, guid: 95a195076d8d4d84b9245a014a4a51ec,
        type: 3}
      propertyPath: m_SizeDelta.y
      value: 0
      objectReference: {fileID: 0}
    - target: {fileID: 3079400239617948172, guid: 95a195076d8d4d84b9245a014a4a51ec,
        type: 3}
      propertyPath: m_AnchorMin.y
      value: 0
      objectReference: {fileID: 0}
    - target: {fileID: 3079400239617948172, guid: 95a195076d8d4d84b9245a014a4a51ec,
        type: 3}
      propertyPath: m_AnchorMax.y
      value: 0
      objectReference: {fileID: 0}
    - target: {fileID: 3079400239617948172, guid: 95a195076d8d4d84b9245a014a4a51ec,
        type: 3}
      propertyPath: m_AnchoredPosition.x
      value: 0
      objectReference: {fileID: 0}
    - target: {fileID: 3079400239617948172, guid: 95a195076d8d4d84b9245a014a4a51ec,
        type: 3}
      propertyPath: m_AnchoredPosition.y
      value: 0
      objectReference: {fileID: 0}
    - target: {fileID: 3079400239617948172, guid: 95a195076d8d4d84b9245a014a4a51ec,
        type: 3}
      propertyPath: m_SizeDelta.x
      value: 0
      objectReference: {fileID: 0}
    - target: {fileID: 3079400239617948172, guid: 95a195076d8d4d84b9245a014a4a51ec,
        type: 3}
      propertyPath: m_SizeDelta.y
      value: 0
      objectReference: {fileID: 0}
    - target: {fileID: 3377513416145065225, guid: 95a195076d8d4d84b9245a014a4a51ec,
        type: 3}
      propertyPath: m_LocalPosition.x
      value: 0
      objectReference: {fileID: 0}
    - target: {fileID: 3377513416145065225, guid: 95a195076d8d4d84b9245a014a4a51ec,
        type: 3}
      propertyPath: m_LocalPosition.y
      value: 0
      objectReference: {fileID: 0}
    - target: {fileID: 3377513416145065225, guid: 95a195076d8d4d84b9245a014a4a51ec,
        type: 3}
      propertyPath: m_LocalPosition.z
      value: 0
      objectReference: {fileID: 0}
    - target: {fileID: 3377513416145065225, guid: 95a195076d8d4d84b9245a014a4a51ec,
        type: 3}
      propertyPath: m_LocalRotation.x
      value: -0
      objectReference: {fileID: 0}
    - target: {fileID: 3377513416145065225, guid: 95a195076d8d4d84b9245a014a4a51ec,
        type: 3}
      propertyPath: m_LocalRotation.y
      value: -0
      objectReference: {fileID: 0}
    - target: {fileID: 3377513416145065225, guid: 95a195076d8d4d84b9245a014a4a51ec,
        type: 3}
      propertyPath: m_LocalRotation.z
      value: -0
      objectReference: {fileID: 0}
    - target: {fileID: 3377513416145065225, guid: 95a195076d8d4d84b9245a014a4a51ec,
        type: 3}
      propertyPath: m_LocalRotation.w
      value: 1
      objectReference: {fileID: 0}
    - target: {fileID: 3377513416145065225, guid: 95a195076d8d4d84b9245a014a4a51ec,
        type: 3}
      propertyPath: m_RootOrder
      value: 0
      objectReference: {fileID: 0}
    - target: {fileID: 3377513416145065225, guid: 95a195076d8d4d84b9245a014a4a51ec,
        type: 3}
      propertyPath: m_LocalEulerAnglesHint.x
      value: 0
      objectReference: {fileID: 0}
    - target: {fileID: 3377513416145065225, guid: 95a195076d8d4d84b9245a014a4a51ec,
        type: 3}
      propertyPath: m_LocalEulerAnglesHint.y
      value: 0
      objectReference: {fileID: 0}
    - target: {fileID: 3377513416145065225, guid: 95a195076d8d4d84b9245a014a4a51ec,
        type: 3}
      propertyPath: m_LocalEulerAnglesHint.z
      value: 0
      objectReference: {fileID: 0}
    - target: {fileID: 3377513416145065225, guid: 95a195076d8d4d84b9245a014a4a51ec,
        type: 3}
      propertyPath: m_AnchoredPosition.x
      value: 0
      objectReference: {fileID: 0}
    - target: {fileID: 3377513416145065225, guid: 95a195076d8d4d84b9245a014a4a51ec,
        type: 3}
      propertyPath: m_AnchoredPosition.y
      value: 0
      objectReference: {fileID: 0}
    - target: {fileID: 3377513416145065225, guid: 95a195076d8d4d84b9245a014a4a51ec,
        type: 3}
      propertyPath: m_SizeDelta.x
      value: 0
      objectReference: {fileID: 0}
    - target: {fileID: 3377513416145065225, guid: 95a195076d8d4d84b9245a014a4a51ec,
        type: 3}
      propertyPath: m_SizeDelta.y
      value: 0
      objectReference: {fileID: 0}
    - target: {fileID: 3377513416145065225, guid: 95a195076d8d4d84b9245a014a4a51ec,
        type: 3}
      propertyPath: m_AnchorMin.x
      value: 0
      objectReference: {fileID: 0}
    - target: {fileID: 3377513416145065225, guid: 95a195076d8d4d84b9245a014a4a51ec,
        type: 3}
      propertyPath: m_AnchorMin.y
      value: 0
      objectReference: {fileID: 0}
    - target: {fileID: 3377513416145065225, guid: 95a195076d8d4d84b9245a014a4a51ec,
        type: 3}
      propertyPath: m_AnchorMax.x
      value: 0
      objectReference: {fileID: 0}
    - target: {fileID: 3377513416145065225, guid: 95a195076d8d4d84b9245a014a4a51ec,
        type: 3}
      propertyPath: m_AnchorMax.y
      value: 0
      objectReference: {fileID: 0}
    - target: {fileID: 3377513416145065225, guid: 95a195076d8d4d84b9245a014a4a51ec,
        type: 3}
      propertyPath: m_Pivot.x
      value: 0.5
      objectReference: {fileID: 0}
    - target: {fileID: 3377513416145065225, guid: 95a195076d8d4d84b9245a014a4a51ec,
        type: 3}
      propertyPath: m_Pivot.y
      value: 0.5
      objectReference: {fileID: 0}
    - target: {fileID: 4041930480073096404, guid: 95a195076d8d4d84b9245a014a4a51ec,
        type: 3}
      propertyPath: m_Name
      value: Scores
      objectReference: {fileID: 0}
    - target: {fileID: 5579199958770244499, guid: 95a195076d8d4d84b9245a014a4a51ec,
        type: 3}
      propertyPath: m_AnchorMin.y
      value: 0
      objectReference: {fileID: 0}
    - target: {fileID: 5579199958770244499, guid: 95a195076d8d4d84b9245a014a4a51ec,
        type: 3}
      propertyPath: m_AnchorMax.y
      value: 0
      objectReference: {fileID: 0}
    - target: {fileID: 5579199958770244499, guid: 95a195076d8d4d84b9245a014a4a51ec,
        type: 3}
      propertyPath: m_AnchoredPosition.x
      value: 0
      objectReference: {fileID: 0}
    - target: {fileID: 5579199958770244499, guid: 95a195076d8d4d84b9245a014a4a51ec,
        type: 3}
      propertyPath: m_AnchoredPosition.y
      value: 0
      objectReference: {fileID: 0}
    - target: {fileID: 5579199958770244499, guid: 95a195076d8d4d84b9245a014a4a51ec,
        type: 3}
      propertyPath: m_SizeDelta.x
      value: 0
      objectReference: {fileID: 0}
    - target: {fileID: 5579199958770244499, guid: 95a195076d8d4d84b9245a014a4a51ec,
        type: 3}
      propertyPath: m_SizeDelta.y
      value: 0
      objectReference: {fileID: 0}
    - target: {fileID: 7602865423380143662, guid: 95a195076d8d4d84b9245a014a4a51ec,
        type: 3}
      propertyPath: m_AnchorMin.y
      value: 0
      objectReference: {fileID: 0}
    - target: {fileID: 7602865423380143662, guid: 95a195076d8d4d84b9245a014a4a51ec,
        type: 3}
      propertyPath: m_AnchorMax.y
      value: 0
      objectReference: {fileID: 0}
    - target: {fileID: 7602865423380143662, guid: 95a195076d8d4d84b9245a014a4a51ec,
        type: 3}
      propertyPath: m_AnchoredPosition.x
      value: 0
      objectReference: {fileID: 0}
    - target: {fileID: 7602865423380143662, guid: 95a195076d8d4d84b9245a014a4a51ec,
        type: 3}
      propertyPath: m_AnchoredPosition.y
      value: 0
      objectReference: {fileID: 0}
    - target: {fileID: 7602865423380143662, guid: 95a195076d8d4d84b9245a014a4a51ec,
        type: 3}
      propertyPath: m_SizeDelta.x
      value: 0
      objectReference: {fileID: 0}
    - target: {fileID: 7602865423380143662, guid: 95a195076d8d4d84b9245a014a4a51ec,
        type: 3}
      propertyPath: m_SizeDelta.y
      value: 0
      objectReference: {fileID: 0}
    - target: {fileID: 7689448155412640849, guid: 95a195076d8d4d84b9245a014a4a51ec,
        type: 3}
      propertyPath: m_AnchorMin.y
      value: 0
      objectReference: {fileID: 0}
    - target: {fileID: 7689448155412640849, guid: 95a195076d8d4d84b9245a014a4a51ec,
        type: 3}
      propertyPath: m_AnchorMax.y
      value: 0
      objectReference: {fileID: 0}
    - target: {fileID: 7689448155412640849, guid: 95a195076d8d4d84b9245a014a4a51ec,
        type: 3}
      propertyPath: m_AnchoredPosition.x
      value: 0
      objectReference: {fileID: 0}
    - target: {fileID: 7689448155412640849, guid: 95a195076d8d4d84b9245a014a4a51ec,
        type: 3}
      propertyPath: m_AnchoredPosition.y
      value: 0
      objectReference: {fileID: 0}
    - target: {fileID: 7689448155412640849, guid: 95a195076d8d4d84b9245a014a4a51ec,
        type: 3}
      propertyPath: m_SizeDelta.x
      value: 0
      objectReference: {fileID: 0}
    - target: {fileID: 7689448155412640849, guid: 95a195076d8d4d84b9245a014a4a51ec,
        type: 3}
      propertyPath: m_SizeDelta.y
      value: 0
      objectReference: {fileID: 0}
    m_RemovedComponents: []
  m_SourcePrefab: {fileID: 100100000, guid: 95a195076d8d4d84b9245a014a4a51ec, type: 3}
--- !u!224 &7192998368721950397 stripped
RectTransform:
  m_CorrespondingSourceObject: {fileID: 3377513416145065225, guid: 95a195076d8d4d84b9245a014a4a51ec,
    type: 3}
  m_PrefabInstance: {fileID: 5552374743611704244}
  m_PrefabAsset: {fileID: 0}
--- !u!114 &6225378064111470679 stripped
MonoBehaviour:
  m_CorrespondingSourceObject: {fileID: 1975113437663726563, guid: 95a195076d8d4d84b9245a014a4a51ec,
    type: 3}
  m_PrefabInstance: {fileID: 5552374743611704244}
  m_PrefabAsset: {fileID: 0}
  m_GameObject: {fileID: 0}
  m_Enabled: 1
  m_EditorHideFlags: 0
  m_Script: {fileID: 11500000, guid: 9b01f36a3ae8f1e47bbab2e65e9ac2de, type: 3}
  m_Name: 
  m_EditorClassIdentifier: 
--- !u!1001 &6418151396494582211
PrefabInstance:
  m_ObjectHideFlags: 0
  serializedVersion: 2
  m_Modification:
    m_TransformParent: {fileID: 4048509710836034133}
    m_Modifications:
    - target: {fileID: 6855421142292653770, guid: 29763bafd486c0040b2734fd69d86132,
        type: 3}
      propertyPath: m_FontData.m_HorizontalOverflow
      value: 0
      objectReference: {fileID: 0}
    - target: {fileID: 6855421142292653770, guid: 29763bafd486c0040b2734fd69d86132,
        type: 3}
      propertyPath: m_FontData.m_VerticalOverflow
      value: 0
      objectReference: {fileID: 0}
    - target: {fileID: 7007293780234446998, guid: 29763bafd486c0040b2734fd69d86132,
        type: 3}
      propertyPath: m_Name
      value: First Header
      objectReference: {fileID: 0}
    - target: {fileID: 7007293780234446999, guid: 29763bafd486c0040b2734fd69d86132,
        type: 3}
      propertyPath: m_LocalPosition.x
      value: 0
      objectReference: {fileID: 0}
    - target: {fileID: 7007293780234446999, guid: 29763bafd486c0040b2734fd69d86132,
        type: 3}
      propertyPath: m_LocalPosition.y
      value: 0
      objectReference: {fileID: 0}
    - target: {fileID: 7007293780234446999, guid: 29763bafd486c0040b2734fd69d86132,
        type: 3}
      propertyPath: m_LocalPosition.z
      value: 0
      objectReference: {fileID: 0}
    - target: {fileID: 7007293780234446999, guid: 29763bafd486c0040b2734fd69d86132,
        type: 3}
      propertyPath: m_LocalRotation.x
      value: 0
      objectReference: {fileID: 0}
    - target: {fileID: 7007293780234446999, guid: 29763bafd486c0040b2734fd69d86132,
        type: 3}
      propertyPath: m_LocalRotation.y
      value: 0
      objectReference: {fileID: 0}
    - target: {fileID: 7007293780234446999, guid: 29763bafd486c0040b2734fd69d86132,
        type: 3}
      propertyPath: m_LocalRotation.z
      value: 0
      objectReference: {fileID: 0}
    - target: {fileID: 7007293780234446999, guid: 29763bafd486c0040b2734fd69d86132,
        type: 3}
      propertyPath: m_LocalRotation.w
      value: 1
      objectReference: {fileID: 0}
    - target: {fileID: 7007293780234446999, guid: 29763bafd486c0040b2734fd69d86132,
        type: 3}
      propertyPath: m_RootOrder
      value: 0
      objectReference: {fileID: 0}
    - target: {fileID: 7007293780234446999, guid: 29763bafd486c0040b2734fd69d86132,
        type: 3}
      propertyPath: m_LocalEulerAnglesHint.x
      value: 0
      objectReference: {fileID: 0}
    - target: {fileID: 7007293780234446999, guid: 29763bafd486c0040b2734fd69d86132,
        type: 3}
      propertyPath: m_LocalEulerAnglesHint.y
      value: 0
      objectReference: {fileID: 0}
    - target: {fileID: 7007293780234446999, guid: 29763bafd486c0040b2734fd69d86132,
        type: 3}
      propertyPath: m_LocalEulerAnglesHint.z
      value: 0
      objectReference: {fileID: 0}
    - target: {fileID: 7007293780234446999, guid: 29763bafd486c0040b2734fd69d86132,
        type: 3}
      propertyPath: m_AnchoredPosition.x
      value: 0
      objectReference: {fileID: 0}
    - target: {fileID: 7007293780234446999, guid: 29763bafd486c0040b2734fd69d86132,
        type: 3}
      propertyPath: m_AnchoredPosition.y
      value: 0
      objectReference: {fileID: 0}
    - target: {fileID: 7007293780234446999, guid: 29763bafd486c0040b2734fd69d86132,
        type: 3}
      propertyPath: m_SizeDelta.x
      value: 0
      objectReference: {fileID: 0}
    - target: {fileID: 7007293780234446999, guid: 29763bafd486c0040b2734fd69d86132,
        type: 3}
      propertyPath: m_SizeDelta.y
      value: 0
      objectReference: {fileID: 0}
    - target: {fileID: 7007293780234446999, guid: 29763bafd486c0040b2734fd69d86132,
        type: 3}
      propertyPath: m_AnchorMin.x
      value: 0
      objectReference: {fileID: 0}
    - target: {fileID: 7007293780234446999, guid: 29763bafd486c0040b2734fd69d86132,
        type: 3}
      propertyPath: m_AnchorMin.y
      value: 0
      objectReference: {fileID: 0}
    - target: {fileID: 7007293780234446999, guid: 29763bafd486c0040b2734fd69d86132,
        type: 3}
      propertyPath: m_AnchorMax.x
      value: 1
      objectReference: {fileID: 0}
    - target: {fileID: 7007293780234446999, guid: 29763bafd486c0040b2734fd69d86132,
        type: 3}
      propertyPath: m_AnchorMax.y
      value: 1
      objectReference: {fileID: 0}
    - target: {fileID: 7007293780234446999, guid: 29763bafd486c0040b2734fd69d86132,
        type: 3}
      propertyPath: m_Pivot.x
      value: 0.5
      objectReference: {fileID: 0}
    - target: {fileID: 7007293780234446999, guid: 29763bafd486c0040b2734fd69d86132,
        type: 3}
      propertyPath: m_Pivot.y
      value: 0.5
      objectReference: {fileID: 0}
    m_RemovedComponents: []
  m_SourcePrefab: {fileID: 100100000, guid: 29763bafd486c0040b2734fd69d86132, type: 3}
--- !u!114 &446563923046614793 stripped
MonoBehaviour:
  m_CorrespondingSourceObject: {fileID: 6855421142292653770, guid: 29763bafd486c0040b2734fd69d86132,
    type: 3}
  m_PrefabInstance: {fileID: 6418151396494582211}
  m_PrefabAsset: {fileID: 0}
  m_GameObject: {fileID: 0}
  m_Enabled: 1
  m_EditorHideFlags: 0
  m_Script: {fileID: 11500000, guid: 5f7201a12d95ffc409449d95f23cf332, type: 3}
  m_Name: 
  m_EditorClassIdentifier: 
--- !u!224 &4048509710181140820 stripped
RectTransform:
  m_CorrespondingSourceObject: {fileID: 7007293780234446999, guid: 29763bafd486c0040b2734fd69d86132,
    type: 3}
  m_PrefabInstance: {fileID: 6418151396494582211}
  m_PrefabAsset: {fileID: 0}
--- !u!1001 &8440563906747337874
PrefabInstance:
  m_ObjectHideFlags: 0
  serializedVersion: 2
  m_Modification:
    m_TransformParent: {fileID: 1319854445346934166}
    m_Modifications:
    - target: {fileID: 3333208686880927861, guid: c74ca1eb9f8a8804780866fe85ab84c2,
        type: 3}
      propertyPath: m_FontData.m_MaxSize
      value: 40
      objectReference: {fileID: 0}
    - target: {fileID: 3897465966246240296, guid: c74ca1eb9f8a8804780866fe85ab84c2,
        type: 3}
      propertyPath: m_LocalPosition.x
      value: 0
      objectReference: {fileID: 0}
    - target: {fileID: 3897465966246240296, guid: c74ca1eb9f8a8804780866fe85ab84c2,
        type: 3}
      propertyPath: m_LocalPosition.y
      value: 0
      objectReference: {fileID: 0}
    - target: {fileID: 3897465966246240296, guid: c74ca1eb9f8a8804780866fe85ab84c2,
        type: 3}
      propertyPath: m_LocalPosition.z
      value: 0
      objectReference: {fileID: 0}
    - target: {fileID: 3897465966246240296, guid: c74ca1eb9f8a8804780866fe85ab84c2,
        type: 3}
      propertyPath: m_LocalRotation.x
      value: 0
      objectReference: {fileID: 0}
    - target: {fileID: 3897465966246240296, guid: c74ca1eb9f8a8804780866fe85ab84c2,
        type: 3}
      propertyPath: m_LocalRotation.y
      value: 0
      objectReference: {fileID: 0}
    - target: {fileID: 3897465966246240296, guid: c74ca1eb9f8a8804780866fe85ab84c2,
        type: 3}
      propertyPath: m_LocalRotation.z
      value: 0
      objectReference: {fileID: 0}
    - target: {fileID: 3897465966246240296, guid: c74ca1eb9f8a8804780866fe85ab84c2,
        type: 3}
      propertyPath: m_LocalRotation.w
      value: 1
      objectReference: {fileID: 0}
    - target: {fileID: 3897465966246240296, guid: c74ca1eb9f8a8804780866fe85ab84c2,
        type: 3}
      propertyPath: m_RootOrder
      value: 0
      objectReference: {fileID: 0}
    - target: {fileID: 3897465966246240296, guid: c74ca1eb9f8a8804780866fe85ab84c2,
        type: 3}
      propertyPath: m_LocalEulerAnglesHint.x
      value: 0
      objectReference: {fileID: 0}
    - target: {fileID: 3897465966246240296, guid: c74ca1eb9f8a8804780866fe85ab84c2,
        type: 3}
      propertyPath: m_LocalEulerAnglesHint.y
      value: 0
      objectReference: {fileID: 0}
    - target: {fileID: 3897465966246240296, guid: c74ca1eb9f8a8804780866fe85ab84c2,
        type: 3}
      propertyPath: m_LocalEulerAnglesHint.z
      value: 0
      objectReference: {fileID: 0}
    - target: {fileID: 3897465966246240296, guid: c74ca1eb9f8a8804780866fe85ab84c2,
        type: 3}
      propertyPath: m_AnchoredPosition.x
      value: 0
      objectReference: {fileID: 0}
    - target: {fileID: 3897465966246240296, guid: c74ca1eb9f8a8804780866fe85ab84c2,
        type: 3}
      propertyPath: m_AnchoredPosition.y
      value: 0
      objectReference: {fileID: 0}
    - target: {fileID: 3897465966246240296, guid: c74ca1eb9f8a8804780866fe85ab84c2,
        type: 3}
      propertyPath: m_SizeDelta.x
      value: 0
      objectReference: {fileID: 0}
    - target: {fileID: 3897465966246240296, guid: c74ca1eb9f8a8804780866fe85ab84c2,
        type: 3}
      propertyPath: m_SizeDelta.y
      value: 0
      objectReference: {fileID: 0}
    - target: {fileID: 3897465966246240296, guid: c74ca1eb9f8a8804780866fe85ab84c2,
        type: 3}
      propertyPath: m_AnchorMin.x
      value: 0
      objectReference: {fileID: 0}
    - target: {fileID: 3897465966246240296, guid: c74ca1eb9f8a8804780866fe85ab84c2,
        type: 3}
      propertyPath: m_AnchorMin.y
      value: 0
      objectReference: {fileID: 0}
    - target: {fileID: 3897465966246240296, guid: c74ca1eb9f8a8804780866fe85ab84c2,
        type: 3}
      propertyPath: m_AnchorMax.x
      value: 1
      objectReference: {fileID: 0}
    - target: {fileID: 3897465966246240296, guid: c74ca1eb9f8a8804780866fe85ab84c2,
        type: 3}
      propertyPath: m_AnchorMax.y
      value: 1
      objectReference: {fileID: 0}
    - target: {fileID: 3897465966246240296, guid: c74ca1eb9f8a8804780866fe85ab84c2,
        type: 3}
      propertyPath: m_Pivot.x
      value: 0.5
      objectReference: {fileID: 0}
    - target: {fileID: 3897465966246240296, guid: c74ca1eb9f8a8804780866fe85ab84c2,
        type: 3}
      propertyPath: m_Pivot.y
      value: 0.5
      objectReference: {fileID: 0}
    - target: {fileID: 3897465966246240297, guid: c74ca1eb9f8a8804780866fe85ab84c2,
        type: 3}
      propertyPath: m_Name
      value: Third Header
      objectReference: {fileID: 0}
    m_RemovedComponents: []
  m_SourcePrefab: {fileID: 100100000, guid: c74ca1eb9f8a8804780866fe85ab84c2, type: 3}
--- !u!224 &4842632400336891066 stripped
RectTransform:
  m_CorrespondingSourceObject: {fileID: 3897465966246240296, guid: c74ca1eb9f8a8804780866fe85ab84c2,
    type: 3}
  m_PrefabInstance: {fileID: 8440563906747337874}
  m_PrefabAsset: {fileID: 0}
--- !u!114 &6585115347058179303 stripped
MonoBehaviour:
  m_CorrespondingSourceObject: {fileID: 3333208686880927861, guid: c74ca1eb9f8a8804780866fe85ab84c2,
    type: 3}
  m_PrefabInstance: {fileID: 8440563906747337874}
  m_PrefabAsset: {fileID: 0}
  m_GameObject: {fileID: 0}
  m_Enabled: 1
  m_EditorHideFlags: 0
  m_Script: {fileID: 11500000, guid: 5f7201a12d95ffc409449d95f23cf332, type: 3}
  m_Name: 
  m_EditorClassIdentifier: 
