%YAML 1.1
%TAG !u! tag:unity3d.com,2011:
--- !u!114 &8080657908205017882
MonoBehaviour:
  m_ObjectHideFlags: 0
  m_CorrespondingSourceObject: {fileID: 0}
  m_PrefabInstance: {fileID: 0}
  m_PrefabAsset: {fileID: 0}
  m_GameObject: {fileID: 350167995748703525}
  m_Enabled: 1
  m_EditorHideFlags: 0
  m_Script: {fileID: 11500000, guid: 306cc8c2b49d7114eaa3623786fc2126, type: 3}
  m_Name: 
  m_EditorClassIdentifier: 
  m_IgnoreLayout: 0
  m_MinWidth: 150
  m_MinHeight: -1
  m_PreferredWidth: -1
  m_PreferredHeight: -1
  m_FlexibleWidth: -1
  m_FlexibleHeight: -1
  m_LayoutPriority: 1
--- !u!1 &4041930480073096404
GameObject:
  m_ObjectHideFlags: 0
  m_CorrespondingSourceObject: {fileID: 0}
  m_PrefabInstance: {fileID: 0}
  m_PrefabAsset: {fileID: 0}
  serializedVersion: 6
  m_Component:
  - component: {fileID: 3377513416145065225}
  - component: {fileID: 532229856606617640}
  - component: {fileID: 1975113437663726563}
  m_Layer: 5
  m_Name: Scores
  m_TagString: Untagged
  m_Icon: {fileID: 0}
  m_NavMeshLayer: 0
  m_StaticEditorFlags: 0
  m_IsActive: 1
--- !u!224 &3377513416145065225
RectTransform:
  m_ObjectHideFlags: 0
  m_CorrespondingSourceObject: {fileID: 0}
  m_PrefabInstance: {fileID: 0}
  m_PrefabAsset: {fileID: 0}
  m_GameObject: {fileID: 4041930480073096404}
  m_LocalRotation: {x: -0, y: -0, z: -0, w: 1}
  m_LocalPosition: {x: 0, y: 0, z: 0}
  m_LocalScale: {x: 1, y: 1, z: 1}
  m_Children:
  - {fileID: 841501759391373897}
  - {fileID: 316282789828942376}
  m_Father: {fileID: 0}
  m_RootOrder: 0
  m_LocalEulerAnglesHint: {x: 0, y: 0, z: 0}
  m_AnchorMin: {x: 0, y: 0}
  m_AnchorMax: {x: 0, y: 0}
  m_AnchoredPosition: {x: 0, y: 0}
  m_SizeDelta: {x: 0, y: 0}
  m_Pivot: {x: 0.5, y: 0.5}
--- !u!114 &532229856606617640
MonoBehaviour:
  m_ObjectHideFlags: 0
  m_CorrespondingSourceObject: {fileID: 0}
  m_PrefabInstance: {fileID: 0}
  m_PrefabAsset: {fileID: 0}
  m_GameObject: {fileID: 4041930480073096404}
  m_Enabled: 1
  m_EditorHideFlags: 0
  m_Script: {fileID: 11500000, guid: 59f8146938fff824cb5fd77236b75775, type: 3}
  m_Name: 
  m_EditorClassIdentifier: 
  m_Padding:
    m_Left: 0
    m_Right: 0
    m_Top: 0
    m_Bottom: 0
  m_ChildAlignment: 2
  m_Spacing: 0
  m_ChildForceExpandWidth: 1
  m_ChildForceExpandHeight: 1
  m_ChildControlWidth: 0
  m_ChildControlHeight: 1
  m_ChildScaleWidth: 0
  m_ChildScaleHeight: 0
--- !u!114 &1975113437663726563
MonoBehaviour:
  m_ObjectHideFlags: 0
  m_CorrespondingSourceObject: {fileID: 0}
  m_PrefabInstance: {fileID: 0}
  m_PrefabAsset: {fileID: 0}
  m_GameObject: {fileID: 4041930480073096404}
  m_Enabled: 1
  m_EditorHideFlags: 0
  m_Script: {fileID: 11500000, guid: 9b01f36a3ae8f1e47bbab2e65e9ac2de, type: 3}
  m_Name: 
  m_EditorClassIdentifier: 
  scoreTotal: {fileID: 5079784193169987549}
  scoreResult: {fileID: 378851225414202367}
  sectionScoreTotal: {fileID: 7102323740955447904}
  sectionScoreResult: {fileID: 4610699535557572611}
--- !u!1 &7010518532327683963
GameObject:
  m_ObjectHideFlags: 0
  m_CorrespondingSourceObject: {fileID: 0}
  m_PrefabInstance: {fileID: 0}
  m_PrefabAsset: {fileID: 0}
  serializedVersion: 6
  m_Component:
  - component: {fileID: 841501759391373897}
  - component: {fileID: 6188452028002438988}
  - component: {fileID: 2418567187752861586}
  m_Layer: 5
  m_Name: TotalScore
  m_TagString: Untagged
  m_Icon: {fileID: 0}
  m_NavMeshLayer: 0
  m_StaticEditorFlags: 0
  m_IsActive: 1
--- !u!224 &841501759391373897
RectTransform:
  m_ObjectHideFlags: 0
  m_CorrespondingSourceObject: {fileID: 0}
  m_PrefabInstance: {fileID: 0}
  m_PrefabAsset: {fileID: 0}
  m_GameObject: {fileID: 7010518532327683963}
  m_LocalRotation: {x: -0, y: -0, z: -0, w: 1}
  m_LocalPosition: {x: 0, y: 0, z: 0}
  m_LocalScale: {x: 1, y: 1, z: 1}
  m_Children:
  - {fileID: 7689448155412640849}
  - {fileID: 3079400239617948172}
  - {fileID: 7602865423380143662}
  m_Father: {fileID: 3377513416145065225}
  m_RootOrder: 0
  m_LocalEulerAnglesHint: {x: 0, y: 0, z: 0}
  m_AnchorMin: {x: 0, y: 0}
  m_AnchorMax: {x: 0, y: 0}
  m_AnchoredPosition: {x: 0, y: 0}
  m_SizeDelta: {x: 300, y: 0}
  m_Pivot: {x: 0.5, y: 0.5}
--- !u!114 &6188452028002438988
MonoBehaviour:
  m_ObjectHideFlags: 0
  m_CorrespondingSourceObject: {fileID: 0}
  m_PrefabInstance: {fileID: 0}
  m_PrefabAsset: {fileID: 0}
  m_GameObject: {fileID: 7010518532327683963}
  m_Enabled: 1
  m_EditorHideFlags: 0
  m_Script: {fileID: 11500000, guid: 30649d3a9faa99c48a7b1166b86bf2a0, type: 3}
  m_Name: 
  m_EditorClassIdentifier: 
  m_Padding:
    m_Left: 0
    m_Right: 0
    m_Top: 0
    m_Bottom: 0
  m_ChildAlignment: 0
  m_Spacing: 0
  m_ChildForceExpandWidth: 1
  m_ChildForceExpandHeight: 1
  m_ChildControlWidth: 1
  m_ChildControlHeight: 1
  m_ChildScaleWidth: 0
  m_ChildScaleHeight: 0
--- !u!114 &2418567187752861586
MonoBehaviour:
  m_ObjectHideFlags: 0
  m_CorrespondingSourceObject: {fileID: 0}
  m_PrefabInstance: {fileID: 0}
  m_PrefabAsset: {fileID: 0}
  m_GameObject: {fileID: 7010518532327683963}
  m_Enabled: 1
  m_EditorHideFlags: 0
  m_Script: {fileID: 11500000, guid: 306cc8c2b49d7114eaa3623786fc2126, type: 3}
  m_Name: 
  m_EditorClassIdentifier: 
  m_IgnoreLayout: 0
  m_MinWidth: -1
  m_MinHeight: 50
  m_PreferredWidth: -1
  m_PreferredHeight: -1
  m_FlexibleWidth: -1
  m_FlexibleHeight: -1
  m_LayoutPriority: 1
--- !u!1 &7561744134413334186
GameObject:
  m_ObjectHideFlags: 0
  m_CorrespondingSourceObject: {fileID: 0}
  m_PrefabInstance: {fileID: 0}
  m_PrefabAsset: {fileID: 0}
  serializedVersion: 6
  m_Component:
  - component: {fileID: 316282789828942376}
  - component: {fileID: 5003189325843531518}
  - component: {fileID: 4019668747898983958}
  m_Layer: 5
  m_Name: SectonScore
  m_TagString: Untagged
  m_Icon: {fileID: 0}
  m_NavMeshLayer: 0
  m_StaticEditorFlags: 0
  m_IsActive: 1
--- !u!224 &316282789828942376
RectTransform:
  m_ObjectHideFlags: 0
  m_CorrespondingSourceObject: {fileID: 0}
  m_PrefabInstance: {fileID: 0}
  m_PrefabAsset: {fileID: 0}
  m_GameObject: {fileID: 7561744134413334186}
  m_LocalRotation: {x: -0, y: -0, z: -0, w: 1}
  m_LocalPosition: {x: 0, y: 0, z: 0}
  m_LocalScale: {x: 1, y: 1, z: 1}
  m_Children:
  - {fileID: 219336669840780956}
  - {fileID: 1153405092101190128}
  - {fileID: 5579199958770244499}
  m_Father: {fileID: 3377513416145065225}
  m_RootOrder: 1
  m_LocalEulerAnglesHint: {x: 0, y: 0, z: 0}
  m_AnchorMin: {x: 0, y: 0}
  m_AnchorMax: {x: 0, y: 0}
  m_AnchoredPosition: {x: 0, y: 0}
  m_SizeDelta: {x: 300, y: 0}
  m_Pivot: {x: 0.5, y: 0.5}
--- !u!114 &5003189325843531518
MonoBehaviour:
  m_ObjectHideFlags: 0
  m_CorrespondingSourceObject: {fileID: 0}
  m_PrefabInstance: {fileID: 0}
  m_PrefabAsset: {fileID: 0}
  m_GameObject: {fileID: 7561744134413334186}
  m_Enabled: 1
  m_EditorHideFlags: 0
  m_Script: {fileID: 11500000, guid: 30649d3a9faa99c48a7b1166b86bf2a0, type: 3}
  m_Name: 
  m_EditorClassIdentifier: 
  m_Padding:
    m_Left: 0
    m_Right: 0
    m_Top: 0
    m_Bottom: 0
  m_ChildAlignment: 0
  m_Spacing: 0
  m_ChildForceExpandWidth: 1
  m_ChildForceExpandHeight: 1
  m_ChildControlWidth: 1
  m_ChildControlHeight: 1
  m_ChildScaleWidth: 0
  m_ChildScaleHeight: 0
--- !u!114 &4019668747898983958
MonoBehaviour:
  m_ObjectHideFlags: 0
  m_CorrespondingSourceObject: {fileID: 0}
  m_PrefabInstance: {fileID: 0}
  m_PrefabAsset: {fileID: 0}
  m_GameObject: {fileID: 7561744134413334186}
  m_Enabled: 1
  m_EditorHideFlags: 0
  m_Script: {fileID: 11500000, guid: 306cc8c2b49d7114eaa3623786fc2126, type: 3}
  m_Name: 
  m_EditorClassIdentifier: 
  m_IgnoreLayout: 0
  m_MinWidth: -1
  m_MinHeight: 50
  m_PreferredWidth: -1
  m_PreferredHeight: -1
  m_FlexibleWidth: -1
  m_FlexibleHeight: -1
  m_LayoutPriority: 1
--- !u!1001 &2114181084846715665
PrefabInstance:
  m_ObjectHideFlags: 0
  serializedVersion: 2
  m_Modification:
    m_TransformParent: {fileID: 841501759391373897}
    m_Modifications:
    - target: {fileID: 6449521875812196457, guid: fea1b261e25fd2c4db0b74bdba0e6d4a,
        type: 3}
      propertyPath: m_Name
      value: ScoreResult
      objectReference: {fileID: 0}
    - target: {fileID: 1735829038803157230, guid: fea1b261e25fd2c4db0b74bdba0e6d4a,
        type: 3}
      propertyPath: m_FontData.m_HorizontalOverflow
      value: 0
      objectReference: {fileID: 0}
    - target: {fileID: 1735829038803157230, guid: fea1b261e25fd2c4db0b74bdba0e6d4a,
        type: 3}
      propertyPath: m_FontData.m_VerticalOverflow
      value: 0
      objectReference: {fileID: 0}
    - target: {fileID: 1735829038803157230, guid: fea1b261e25fd2c4db0b74bdba0e6d4a,
        type: 3}
      propertyPath: m_Text
      value: 0
      objectReference: {fileID: 0}
    - target: {fileID: 1735829038803157230, guid: fea1b261e25fd2c4db0b74bdba0e6d4a,
        type: 3}
      propertyPath: m_FontData.m_Alignment
      value: 5
      objectReference: {fileID: 0}
    - target: {fileID: 4029365200171649309, guid: fea1b261e25fd2c4db0b74bdba0e6d4a,
        type: 3}
      propertyPath: m_LocalPosition.x
      value: 0
      objectReference: {fileID: 0}
    - target: {fileID: 4029365200171649309, guid: fea1b261e25fd2c4db0b74bdba0e6d4a,
        type: 3}
      propertyPath: m_LocalPosition.y
      value: 0
      objectReference: {fileID: 0}
    - target: {fileID: 4029365200171649309, guid: fea1b261e25fd2c4db0b74bdba0e6d4a,
        type: 3}
      propertyPath: m_LocalPosition.z
      value: 0
      objectReference: {fileID: 0}
    - target: {fileID: 4029365200171649309, guid: fea1b261e25fd2c4db0b74bdba0e6d4a,
        type: 3}
      propertyPath: m_LocalRotation.x
      value: 0
      objectReference: {fileID: 0}
    - target: {fileID: 4029365200171649309, guid: fea1b261e25fd2c4db0b74bdba0e6d4a,
        type: 3}
      propertyPath: m_LocalRotation.y
      value: 0
      objectReference: {fileID: 0}
    - target: {fileID: 4029365200171649309, guid: fea1b261e25fd2c4db0b74bdba0e6d4a,
        type: 3}
      propertyPath: m_LocalRotation.z
      value: 0
      objectReference: {fileID: 0}
    - target: {fileID: 4029365200171649309, guid: fea1b261e25fd2c4db0b74bdba0e6d4a,
        type: 3}
      propertyPath: m_LocalRotation.w
      value: 1
      objectReference: {fileID: 0}
    - target: {fileID: 4029365200171649309, guid: fea1b261e25fd2c4db0b74bdba0e6d4a,
        type: 3}
      propertyPath: m_RootOrder
      value: 1
      objectReference: {fileID: 0}
    - target: {fileID: 4029365200171649309, guid: fea1b261e25fd2c4db0b74bdba0e6d4a,
        type: 3}
      propertyPath: m_LocalEulerAnglesHint.x
      value: 0
      objectReference: {fileID: 0}
    - target: {fileID: 4029365200171649309, guid: fea1b261e25fd2c4db0b74bdba0e6d4a,
        type: 3}
      propertyPath: m_LocalEulerAnglesHint.y
      value: 0
      objectReference: {fileID: 0}
    - target: {fileID: 4029365200171649309, guid: fea1b261e25fd2c4db0b74bdba0e6d4a,
        type: 3}
      propertyPath: m_LocalEulerAnglesHint.z
      value: 0
      objectReference: {fileID: 0}
    - target: {fileID: 4029365200171649309, guid: fea1b261e25fd2c4db0b74bdba0e6d4a,
        type: 3}
      propertyPath: m_AnchoredPosition.x
      value: 0
      objectReference: {fileID: 0}
    - target: {fileID: 4029365200171649309, guid: fea1b261e25fd2c4db0b74bdba0e6d4a,
        type: 3}
      propertyPath: m_AnchoredPosition.y
      value: 0
      objectReference: {fileID: 0}
    - target: {fileID: 4029365200171649309, guid: fea1b261e25fd2c4db0b74bdba0e6d4a,
        type: 3}
      propertyPath: m_SizeDelta.x
      value: 0
      objectReference: {fileID: 0}
    - target: {fileID: 4029365200171649309, guid: fea1b261e25fd2c4db0b74bdba0e6d4a,
        type: 3}
      propertyPath: m_SizeDelta.y
      value: 0
      objectReference: {fileID: 0}
    - target: {fileID: 4029365200171649309, guid: fea1b261e25fd2c4db0b74bdba0e6d4a,
        type: 3}
      propertyPath: m_AnchorMin.x
      value: 0
      objectReference: {fileID: 0}
    - target: {fileID: 4029365200171649309, guid: fea1b261e25fd2c4db0b74bdba0e6d4a,
        type: 3}
      propertyPath: m_AnchorMin.y
      value: 0
      objectReference: {fileID: 0}
    - target: {fileID: 4029365200171649309, guid: fea1b261e25fd2c4db0b74bdba0e6d4a,
        type: 3}
      propertyPath: m_AnchorMax.x
      value: 0
      objectReference: {fileID: 0}
    - target: {fileID: 4029365200171649309, guid: fea1b261e25fd2c4db0b74bdba0e6d4a,
        type: 3}
      propertyPath: m_AnchorMax.y
      value: 0
      objectReference: {fileID: 0}
    - target: {fileID: 4029365200171649309, guid: fea1b261e25fd2c4db0b74bdba0e6d4a,
        type: 3}
      propertyPath: m_Pivot.x
      value: 0.5
      objectReference: {fileID: 0}
    - target: {fileID: 4029365200171649309, guid: fea1b261e25fd2c4db0b74bdba0e6d4a,
        type: 3}
      propertyPath: m_Pivot.y
      value: 0.5
      objectReference: {fileID: 0}
    m_RemovedComponents: []
  m_SourcePrefab: {fileID: 100100000, guid: fea1b261e25fd2c4db0b74bdba0e6d4a, type: 3}
--- !u!224 &3079400239617948172 stripped
RectTransform:
  m_CorrespondingSourceObject: {fileID: 4029365200171649309, guid: fea1b261e25fd2c4db0b74bdba0e6d4a,
    type: 3}
  m_PrefabInstance: {fileID: 2114181084846715665}
  m_PrefabAsset: {fileID: 0}
--- !u!114 &378851225414202367 stripped
MonoBehaviour:
  m_CorrespondingSourceObject: {fileID: 1735829038803157230, guid: fea1b261e25fd2c4db0b74bdba0e6d4a,
    type: 3}
  m_PrefabInstance: {fileID: 2114181084846715665}
  m_PrefabAsset: {fileID: 0}
  m_GameObject: {fileID: 0}
  m_Enabled: 1
  m_EditorHideFlags: 0
  m_Script: {fileID: 11500000, guid: 5f7201a12d95ffc409449d95f23cf332, type: 3}
  m_Name: 
  m_EditorClassIdentifier: 
--- !u!1001 &2876280211322452205
PrefabInstance:
  m_ObjectHideFlags: 0
  serializedVersion: 2
  m_Modification:
    m_TransformParent: {fileID: 316282789828942376}
    m_Modifications:
    - target: {fileID: 6449521875812196457, guid: fea1b261e25fd2c4db0b74bdba0e6d4a,
        type: 3}
      propertyPath: m_Name
      value: SectionScoreResult
      objectReference: {fileID: 0}
    - target: {fileID: 1735829038803157230, guid: fea1b261e25fd2c4db0b74bdba0e6d4a,
        type: 3}
      propertyPath: m_FontData.m_HorizontalOverflow
      value: 0
      objectReference: {fileID: 0}
    - target: {fileID: 1735829038803157230, guid: fea1b261e25fd2c4db0b74bdba0e6d4a,
        type: 3}
      propertyPath: m_FontData.m_VerticalOverflow
      value: 0
      objectReference: {fileID: 0}
    - target: {fileID: 1735829038803157230, guid: fea1b261e25fd2c4db0b74bdba0e6d4a,
        type: 3}
      propertyPath: m_Text
      value: 0
      objectReference: {fileID: 0}
    - target: {fileID: 1735829038803157230, guid: fea1b261e25fd2c4db0b74bdba0e6d4a,
        type: 3}
      propertyPath: m_FontData.m_Alignment
      value: 5
      objectReference: {fileID: 0}
    - target: {fileID: 4029365200171649309, guid: fea1b261e25fd2c4db0b74bdba0e6d4a,
        type: 3}
      propertyPath: m_LocalPosition.x
      value: 0
      objectReference: {fileID: 0}
    - target: {fileID: 4029365200171649309, guid: fea1b261e25fd2c4db0b74bdba0e6d4a,
        type: 3}
      propertyPath: m_LocalPosition.y
      value: 0
      objectReference: {fileID: 0}
    - target: {fileID: 4029365200171649309, guid: fea1b261e25fd2c4db0b74bdba0e6d4a,
        type: 3}
      propertyPath: m_LocalPosition.z
      value: 0
      objectReference: {fileID: 0}
    - target: {fileID: 4029365200171649309, guid: fea1b261e25fd2c4db0b74bdba0e6d4a,
        type: 3}
      propertyPath: m_LocalRotation.x
      value: 0
      objectReference: {fileID: 0}
    - target: {fileID: 4029365200171649309, guid: fea1b261e25fd2c4db0b74bdba0e6d4a,
        type: 3}
      propertyPath: m_LocalRotation.y
      value: 0
      objectReference: {fileID: 0}
    - target: {fileID: 4029365200171649309, guid: fea1b261e25fd2c4db0b74bdba0e6d4a,
        type: 3}
      propertyPath: m_LocalRotation.z
      value: 0
      objectReference: {fileID: 0}
    - target: {fileID: 4029365200171649309, guid: fea1b261e25fd2c4db0b74bdba0e6d4a,
        type: 3}
      propertyPath: m_LocalRotation.w
      value: 1
      objectReference: {fileID: 0}
    - target: {fileID: 4029365200171649309, guid: fea1b261e25fd2c4db0b74bdba0e6d4a,
        type: 3}
      propertyPath: m_RootOrder
      value: 1
      objectReference: {fileID: 0}
    - target: {fileID: 4029365200171649309, guid: fea1b261e25fd2c4db0b74bdba0e6d4a,
        type: 3}
      propertyPath: m_LocalEulerAnglesHint.x
      value: 0
      objectReference: {fileID: 0}
    - target: {fileID: 4029365200171649309, guid: fea1b261e25fd2c4db0b74bdba0e6d4a,
        type: 3}
      propertyPath: m_LocalEulerAnglesHint.y
      value: 0
      objectReference: {fileID: 0}
    - target: {fileID: 4029365200171649309, guid: fea1b261e25fd2c4db0b74bdba0e6d4a,
        type: 3}
      propertyPath: m_LocalEulerAnglesHint.z
      value: 0
      objectReference: {fileID: 0}
    - target: {fileID: 4029365200171649309, guid: fea1b261e25fd2c4db0b74bdba0e6d4a,
        type: 3}
      propertyPath: m_AnchoredPosition.x
      value: 0
      objectReference: {fileID: 0}
    - target: {fileID: 4029365200171649309, guid: fea1b261e25fd2c4db0b74bdba0e6d4a,
        type: 3}
      propertyPath: m_AnchoredPosition.y
      value: 0
      objectReference: {fileID: 0}
    - target: {fileID: 4029365200171649309, guid: fea1b261e25fd2c4db0b74bdba0e6d4a,
        type: 3}
      propertyPath: m_SizeDelta.x
      value: 0
      objectReference: {fileID: 0}
    - target: {fileID: 4029365200171649309, guid: fea1b261e25fd2c4db0b74bdba0e6d4a,
        type: 3}
      propertyPath: m_SizeDelta.y
      value: 0
      objectReference: {fileID: 0}
    - target: {fileID: 4029365200171649309, guid: fea1b261e25fd2c4db0b74bdba0e6d4a,
        type: 3}
      propertyPath: m_AnchorMin.x
      value: 0
      objectReference: {fileID: 0}
    - target: {fileID: 4029365200171649309, guid: fea1b261e25fd2c4db0b74bdba0e6d4a,
        type: 3}
      propertyPath: m_AnchorMin.y
      value: 0
      objectReference: {fileID: 0}
    - target: {fileID: 4029365200171649309, guid: fea1b261e25fd2c4db0b74bdba0e6d4a,
        type: 3}
      propertyPath: m_AnchorMax.x
      value: 0
      objectReference: {fileID: 0}
    - target: {fileID: 4029365200171649309, guid: fea1b261e25fd2c4db0b74bdba0e6d4a,
        type: 3}
      propertyPath: m_AnchorMax.y
      value: 0
      objectReference: {fileID: 0}
    - target: {fileID: 4029365200171649309, guid: fea1b261e25fd2c4db0b74bdba0e6d4a,
        type: 3}
      propertyPath: m_Pivot.x
      value: 0.5
      objectReference: {fileID: 0}
    - target: {fileID: 4029365200171649309, guid: fea1b261e25fd2c4db0b74bdba0e6d4a,
        type: 3}
      propertyPath: m_Pivot.y
      value: 0.5
      objectReference: {fileID: 0}
    m_RemovedComponents: []
  m_SourcePrefab: {fileID: 100100000, guid: fea1b261e25fd2c4db0b74bdba0e6d4a, type: 3}
--- !u!224 &1153405092101190128 stripped
RectTransform:
  m_CorrespondingSourceObject: {fileID: 4029365200171649309, guid: fea1b261e25fd2c4db0b74bdba0e6d4a,
    type: 3}
  m_PrefabInstance: {fileID: 2876280211322452205}
  m_PrefabAsset: {fileID: 0}
--- !u!114 &4610699535557572611 stripped
MonoBehaviour:
  m_CorrespondingSourceObject: {fileID: 1735829038803157230, guid: fea1b261e25fd2c4db0b74bdba0e6d4a,
    type: 3}
  m_PrefabInstance: {fileID: 2876280211322452205}
  m_PrefabAsset: {fileID: 0}
  m_GameObject: {fileID: 0}
  m_Enabled: 1
  m_EditorHideFlags: 0
  m_Script: {fileID: 11500000, guid: 5f7201a12d95ffc409449d95f23cf332, type: 3}
  m_Name: 
  m_EditorClassIdentifier: 
--- !u!1001 &3810067030554371969
PrefabInstance:
  m_ObjectHideFlags: 0
  serializedVersion: 2
  m_Modification:
    m_TransformParent: {fileID: 316282789828942376}
    m_Modifications:
    - target: {fileID: 6449521875812196457, guid: fea1b261e25fd2c4db0b74bdba0e6d4a,
        type: 3}
      propertyPath: m_Name
      value: Section Score_Txt
      objectReference: {fileID: 0}
    - target: {fileID: 1735829038803157230, guid: fea1b261e25fd2c4db0b74bdba0e6d4a,
        type: 3}
      propertyPath: m_FontData.m_HorizontalOverflow
      value: 0
      objectReference: {fileID: 0}
    - target: {fileID: 1735829038803157230, guid: fea1b261e25fd2c4db0b74bdba0e6d4a,
        type: 3}
      propertyPath: m_FontData.m_VerticalOverflow
      value: 0
      objectReference: {fileID: 0}
    - target: {fileID: 1735829038803157230, guid: fea1b261e25fd2c4db0b74bdba0e6d4a,
        type: 3}
      propertyPath: m_Text
      value: 'Section score: '
      objectReference: {fileID: 0}
    - target: {fileID: 1735829038803157230, guid: fea1b261e25fd2c4db0b74bdba0e6d4a,
        type: 3}
      propertyPath: m_FontData.m_MaxSize
      value: 30
      objectReference: {fileID: 0}
    - target: {fileID: 1735829038803157230, guid: fea1b261e25fd2c4db0b74bdba0e6d4a,
        type: 3}
      propertyPath: m_FontData.m_FontSize
      value: 30
      objectReference: {fileID: 0}
    - target: {fileID: 1735829038803157230, guid: fea1b261e25fd2c4db0b74bdba0e6d4a,
        type: 3}
      propertyPath: m_FontData.m_MinSize
      value: 0
      objectReference: {fileID: 0}
    - target: {fileID: 4029365200171649309, guid: fea1b261e25fd2c4db0b74bdba0e6d4a,
        type: 3}
      propertyPath: m_LocalPosition.x
      value: 0
      objectReference: {fileID: 0}
    - target: {fileID: 4029365200171649309, guid: fea1b261e25fd2c4db0b74bdba0e6d4a,
        type: 3}
      propertyPath: m_LocalPosition.y
      value: 0
      objectReference: {fileID: 0}
    - target: {fileID: 4029365200171649309, guid: fea1b261e25fd2c4db0b74bdba0e6d4a,
        type: 3}
      propertyPath: m_LocalPosition.z
      value: 0
      objectReference: {fileID: 0}
    - target: {fileID: 4029365200171649309, guid: fea1b261e25fd2c4db0b74bdba0e6d4a,
        type: 3}
      propertyPath: m_LocalRotation.x
      value: 0
      objectReference: {fileID: 0}
    - target: {fileID: 4029365200171649309, guid: fea1b261e25fd2c4db0b74bdba0e6d4a,
        type: 3}
      propertyPath: m_LocalRotation.y
      value: 0
      objectReference: {fileID: 0}
    - target: {fileID: 4029365200171649309, guid: fea1b261e25fd2c4db0b74bdba0e6d4a,
        type: 3}
      propertyPath: m_LocalRotation.z
      value: 0
      objectReference: {fileID: 0}
    - target: {fileID: 4029365200171649309, guid: fea1b261e25fd2c4db0b74bdba0e6d4a,
        type: 3}
      propertyPath: m_LocalRotation.w
      value: 1
      objectReference: {fileID: 0}
    - target: {fileID: 4029365200171649309, guid: fea1b261e25fd2c4db0b74bdba0e6d4a,
        type: 3}
      propertyPath: m_RootOrder
      value: 0
      objectReference: {fileID: 0}
    - target: {fileID: 4029365200171649309, guid: fea1b261e25fd2c4db0b74bdba0e6d4a,
        type: 3}
      propertyPath: m_LocalEulerAnglesHint.x
      value: 0
      objectReference: {fileID: 0}
    - target: {fileID: 4029365200171649309, guid: fea1b261e25fd2c4db0b74bdba0e6d4a,
        type: 3}
      propertyPath: m_LocalEulerAnglesHint.y
      value: 0
      objectReference: {fileID: 0}
    - target: {fileID: 4029365200171649309, guid: fea1b261e25fd2c4db0b74bdba0e6d4a,
        type: 3}
      propertyPath: m_LocalEulerAnglesHint.z
      value: 0
      objectReference: {fileID: 0}
    - target: {fileID: 4029365200171649309, guid: fea1b261e25fd2c4db0b74bdba0e6d4a,
        type: 3}
      propertyPath: m_AnchoredPosition.x
      value: 0
      objectReference: {fileID: 0}
    - target: {fileID: 4029365200171649309, guid: fea1b261e25fd2c4db0b74bdba0e6d4a,
        type: 3}
      propertyPath: m_AnchoredPosition.y
      value: 0
      objectReference: {fileID: 0}
    - target: {fileID: 4029365200171649309, guid: fea1b261e25fd2c4db0b74bdba0e6d4a,
        type: 3}
      propertyPath: m_SizeDelta.x
      value: 0
      objectReference: {fileID: 0}
    - target: {fileID: 4029365200171649309, guid: fea1b261e25fd2c4db0b74bdba0e6d4a,
        type: 3}
      propertyPath: m_SizeDelta.y
      value: 0
      objectReference: {fileID: 0}
    - target: {fileID: 4029365200171649309, guid: fea1b261e25fd2c4db0b74bdba0e6d4a,
        type: 3}
      propertyPath: m_AnchorMin.x
      value: 0
      objectReference: {fileID: 0}
    - target: {fileID: 4029365200171649309, guid: fea1b261e25fd2c4db0b74bdba0e6d4a,
        type: 3}
      propertyPath: m_AnchorMin.y
      value: 0
      objectReference: {fileID: 0}
    - target: {fileID: 4029365200171649309, guid: fea1b261e25fd2c4db0b74bdba0e6d4a,
        type: 3}
      propertyPath: m_AnchorMax.x
      value: 0
      objectReference: {fileID: 0}
    - target: {fileID: 4029365200171649309, guid: fea1b261e25fd2c4db0b74bdba0e6d4a,
        type: 3}
      propertyPath: m_AnchorMax.y
      value: 0
      objectReference: {fileID: 0}
    - target: {fileID: 4029365200171649309, guid: fea1b261e25fd2c4db0b74bdba0e6d4a,
        type: 3}
      propertyPath: m_Pivot.x
      value: 0.5
      objectReference: {fileID: 0}
    - target: {fileID: 4029365200171649309, guid: fea1b261e25fd2c4db0b74bdba0e6d4a,
        type: 3}
      propertyPath: m_Pivot.y
      value: 0.5
      objectReference: {fileID: 0}
    m_RemovedComponents: []
  m_SourcePrefab: {fileID: 100100000, guid: fea1b261e25fd2c4db0b74bdba0e6d4a, type: 3}
--- !u!224 &219336669840780956 stripped
RectTransform:
  m_CorrespondingSourceObject: {fileID: 4029365200171649309, guid: fea1b261e25fd2c4db0b74bdba0e6d4a,
    type: 3}
  m_PrefabInstance: {fileID: 3810067030554371969}
  m_PrefabAsset: {fileID: 0}
--- !u!1001 &6727610479950855500
PrefabInstance:
  m_ObjectHideFlags: 0
  serializedVersion: 2
  m_Modification:
    m_TransformParent: {fileID: 841501759391373897}
    m_Modifications:
    - target: {fileID: 6449521875812196457, guid: fea1b261e25fd2c4db0b74bdba0e6d4a,
        type: 3}
      propertyPath: m_Name
      value: Total Score_Txt
      objectReference: {fileID: 0}
    - target: {fileID: 1735829038803157230, guid: fea1b261e25fd2c4db0b74bdba0e6d4a,
        type: 3}
      propertyPath: m_FontData.m_HorizontalOverflow
      value: 0
      objectReference: {fileID: 0}
    - target: {fileID: 1735829038803157230, guid: fea1b261e25fd2c4db0b74bdba0e6d4a,
        type: 3}
      propertyPath: m_FontData.m_VerticalOverflow
      value: 0
      objectReference: {fileID: 0}
    - target: {fileID: 1735829038803157230, guid: fea1b261e25fd2c4db0b74bdba0e6d4a,
        type: 3}
      propertyPath: m_Text
      value: 'Total score: '
      objectReference: {fileID: 0}
    - target: {fileID: 1735829038803157230, guid: fea1b261e25fd2c4db0b74bdba0e6d4a,
        type: 3}
      propertyPath: m_FontData.m_MaxSize
      value: 30
      objectReference: {fileID: 0}
    - target: {fileID: 1735829038803157230, guid: fea1b261e25fd2c4db0b74bdba0e6d4a,
        type: 3}
      propertyPath: m_FontData.m_FontSize
      value: 30
      objectReference: {fileID: 0}
    - target: {fileID: 1735829038803157230, guid: fea1b261e25fd2c4db0b74bdba0e6d4a,
        type: 3}
      propertyPath: m_FontData.m_MinSize
      value: 0
      objectReference: {fileID: 0}
    - target: {fileID: 4029365200171649309, guid: fea1b261e25fd2c4db0b74bdba0e6d4a,
        type: 3}
      propertyPath: m_LocalPosition.x
      value: 0
      objectReference: {fileID: 0}
    - target: {fileID: 4029365200171649309, guid: fea1b261e25fd2c4db0b74bdba0e6d4a,
        type: 3}
      propertyPath: m_LocalPosition.y
      value: 0
      objectReference: {fileID: 0}
    - target: {fileID: 4029365200171649309, guid: fea1b261e25fd2c4db0b74bdba0e6d4a,
        type: 3}
      propertyPath: m_LocalPosition.z
      value: 0
      objectReference: {fileID: 0}
    - target: {fileID: 4029365200171649309, guid: fea1b261e25fd2c4db0b74bdba0e6d4a,
        type: 3}
      propertyPath: m_LocalRotation.x
      value: 0
      objectReference: {fileID: 0}
    - target: {fileID: 4029365200171649309, guid: fea1b261e25fd2c4db0b74bdba0e6d4a,
        type: 3}
      propertyPath: m_LocalRotation.y
      value: 0
      objectReference: {fileID: 0}
    - target: {fileID: 4029365200171649309, guid: fea1b261e25fd2c4db0b74bdba0e6d4a,
        type: 3}
      propertyPath: m_LocalRotation.z
      value: 0
      objectReference: {fileID: 0}
    - target: {fileID: 4029365200171649309, guid: fea1b261e25fd2c4db0b74bdba0e6d4a,
        type: 3}
      propertyPath: m_LocalRotation.w
      value: 1
      objectReference: {fileID: 0}
    - target: {fileID: 4029365200171649309, guid: fea1b261e25fd2c4db0b74bdba0e6d4a,
        type: 3}
      propertyPath: m_RootOrder
      value: 0
      objectReference: {fileID: 0}
    - target: {fileID: 4029365200171649309, guid: fea1b261e25fd2c4db0b74bdba0e6d4a,
        type: 3}
      propertyPath: m_LocalEulerAnglesHint.x
      value: 0
      objectReference: {fileID: 0}
    - target: {fileID: 4029365200171649309, guid: fea1b261e25fd2c4db0b74bdba0e6d4a,
        type: 3}
      propertyPath: m_LocalEulerAnglesHint.y
      value: 0
      objectReference: {fileID: 0}
    - target: {fileID: 4029365200171649309, guid: fea1b261e25fd2c4db0b74bdba0e6d4a,
        type: 3}
      propertyPath: m_LocalEulerAnglesHint.z
      value: 0
      objectReference: {fileID: 0}
    - target: {fileID: 4029365200171649309, guid: fea1b261e25fd2c4db0b74bdba0e6d4a,
        type: 3}
      propertyPath: m_AnchoredPosition.x
      value: 0
      objectReference: {fileID: 0}
    - target: {fileID: 4029365200171649309, guid: fea1b261e25fd2c4db0b74bdba0e6d4a,
        type: 3}
      propertyPath: m_AnchoredPosition.y
      value: 0
      objectReference: {fileID: 0}
    - target: {fileID: 4029365200171649309, guid: fea1b261e25fd2c4db0b74bdba0e6d4a,
        type: 3}
      propertyPath: m_SizeDelta.x
      value: 0
      objectReference: {fileID: 0}
    - target: {fileID: 4029365200171649309, guid: fea1b261e25fd2c4db0b74bdba0e6d4a,
        type: 3}
      propertyPath: m_SizeDelta.y
      value: 0
      objectReference: {fileID: 0}
    - target: {fileID: 4029365200171649309, guid: fea1b261e25fd2c4db0b74bdba0e6d4a,
        type: 3}
      propertyPath: m_AnchorMin.x
      value: 0
      objectReference: {fileID: 0}
    - target: {fileID: 4029365200171649309, guid: fea1b261e25fd2c4db0b74bdba0e6d4a,
        type: 3}
      propertyPath: m_AnchorMin.y
      value: 0
      objectReference: {fileID: 0}
    - target: {fileID: 4029365200171649309, guid: fea1b261e25fd2c4db0b74bdba0e6d4a,
        type: 3}
      propertyPath: m_AnchorMax.x
      value: 0
      objectReference: {fileID: 0}
    - target: {fileID: 4029365200171649309, guid: fea1b261e25fd2c4db0b74bdba0e6d4a,
        type: 3}
      propertyPath: m_AnchorMax.y
      value: 0
      objectReference: {fileID: 0}
    - target: {fileID: 4029365200171649309, guid: fea1b261e25fd2c4db0b74bdba0e6d4a,
        type: 3}
      propertyPath: m_Pivot.x
      value: 0.5
      objectReference: {fileID: 0}
    - target: {fileID: 4029365200171649309, guid: fea1b261e25fd2c4db0b74bdba0e6d4a,
        type: 3}
      propertyPath: m_Pivot.y
      value: 0.5
      objectReference: {fileID: 0}
    m_RemovedComponents: []
  m_SourcePrefab: {fileID: 100100000, guid: fea1b261e25fd2c4db0b74bdba0e6d4a, type: 3}
--- !u!1 &350167995748703525 stripped
GameObject:
  m_CorrespondingSourceObject: {fileID: 6449521875812196457, guid: fea1b261e25fd2c4db0b74bdba0e6d4a,
    type: 3}
  m_PrefabInstance: {fileID: 6727610479950855500}
  m_PrefabAsset: {fileID: 0}
--- !u!224 &7689448155412640849 stripped
RectTransform:
  m_CorrespondingSourceObject: {fileID: 4029365200171649309, guid: fea1b261e25fd2c4db0b74bdba0e6d4a,
    type: 3}
  m_PrefabInstance: {fileID: 6727610479950855500}
  m_PrefabAsset: {fileID: 0}
--- !u!1001 &6803218984983402291
PrefabInstance:
  m_ObjectHideFlags: 0
  serializedVersion: 2
  m_Modification:
    m_TransformParent: {fileID: 841501759391373897}
    m_Modifications:
    - target: {fileID: 6449521875812196457, guid: fea1b261e25fd2c4db0b74bdba0e6d4a,
        type: 3}
      propertyPath: m_Name
      value: ScoreTotal
      objectReference: {fileID: 0}
    - target: {fileID: 1735829038803157230, guid: fea1b261e25fd2c4db0b74bdba0e6d4a,
        type: 3}
      propertyPath: m_FontData.m_HorizontalOverflow
      value: 0
      objectReference: {fileID: 0}
    - target: {fileID: 1735829038803157230, guid: fea1b261e25fd2c4db0b74bdba0e6d4a,
        type: 3}
      propertyPath: m_FontData.m_VerticalOverflow
      value: 0
      objectReference: {fileID: 0}
    - target: {fileID: 1735829038803157230, guid: fea1b261e25fd2c4db0b74bdba0e6d4a,
        type: 3}
      propertyPath: m_Text
      value: /0
      objectReference: {fileID: 0}
    - target: {fileID: 4029365200171649309, guid: fea1b261e25fd2c4db0b74bdba0e6d4a,
        type: 3}
      propertyPath: m_LocalPosition.x
      value: 0
      objectReference: {fileID: 0}
    - target: {fileID: 4029365200171649309, guid: fea1b261e25fd2c4db0b74bdba0e6d4a,
        type: 3}
      propertyPath: m_LocalPosition.y
      value: 0
      objectReference: {fileID: 0}
    - target: {fileID: 4029365200171649309, guid: fea1b261e25fd2c4db0b74bdba0e6d4a,
        type: 3}
      propertyPath: m_LocalPosition.z
      value: 0
      objectReference: {fileID: 0}
    - target: {fileID: 4029365200171649309, guid: fea1b261e25fd2c4db0b74bdba0e6d4a,
        type: 3}
      propertyPath: m_LocalRotation.x
      value: 0
      objectReference: {fileID: 0}
    - target: {fileID: 4029365200171649309, guid: fea1b261e25fd2c4db0b74bdba0e6d4a,
        type: 3}
      propertyPath: m_LocalRotation.y
      value: 0
      objectReference: {fileID: 0}
    - target: {fileID: 4029365200171649309, guid: fea1b261e25fd2c4db0b74bdba0e6d4a,
        type: 3}
      propertyPath: m_LocalRotation.z
      value: 0
      objectReference: {fileID: 0}
    - target: {fileID: 4029365200171649309, guid: fea1b261e25fd2c4db0b74bdba0e6d4a,
        type: 3}
      propertyPath: m_LocalRotation.w
      value: 1
      objectReference: {fileID: 0}
    - target: {fileID: 4029365200171649309, guid: fea1b261e25fd2c4db0b74bdba0e6d4a,
        type: 3}
      propertyPath: m_RootOrder
      value: 2
      objectReference: {fileID: 0}
    - target: {fileID: 4029365200171649309, guid: fea1b261e25fd2c4db0b74bdba0e6d4a,
        type: 3}
      propertyPath: m_LocalEulerAnglesHint.x
      value: 0
      objectReference: {fileID: 0}
    - target: {fileID: 4029365200171649309, guid: fea1b261e25fd2c4db0b74bdba0e6d4a,
        type: 3}
      propertyPath: m_LocalEulerAnglesHint.y
      value: 0
      objectReference: {fileID: 0}
    - target: {fileID: 4029365200171649309, guid: fea1b261e25fd2c4db0b74bdba0e6d4a,
        type: 3}
      propertyPath: m_LocalEulerAnglesHint.z
      value: 0
      objectReference: {fileID: 0}
    - target: {fileID: 4029365200171649309, guid: fea1b261e25fd2c4db0b74bdba0e6d4a,
        type: 3}
      propertyPath: m_AnchoredPosition.x
      value: 0
      objectReference: {fileID: 0}
    - target: {fileID: 4029365200171649309, guid: fea1b261e25fd2c4db0b74bdba0e6d4a,
        type: 3}
      propertyPath: m_AnchoredPosition.y
      value: 0
      objectReference: {fileID: 0}
    - target: {fileID: 4029365200171649309, guid: fea1b261e25fd2c4db0b74bdba0e6d4a,
        type: 3}
      propertyPath: m_SizeDelta.x
      value: 0
      objectReference: {fileID: 0}
    - target: {fileID: 4029365200171649309, guid: fea1b261e25fd2c4db0b74bdba0e6d4a,
        type: 3}
      propertyPath: m_SizeDelta.y
      value: 0
      objectReference: {fileID: 0}
    - target: {fileID: 4029365200171649309, guid: fea1b261e25fd2c4db0b74bdba0e6d4a,
        type: 3}
      propertyPath: m_AnchorMin.x
      value: 0
      objectReference: {fileID: 0}
    - target: {fileID: 4029365200171649309, guid: fea1b261e25fd2c4db0b74bdba0e6d4a,
        type: 3}
      propertyPath: m_AnchorMin.y
      value: 0
      objectReference: {fileID: 0}
    - target: {fileID: 4029365200171649309, guid: fea1b261e25fd2c4db0b74bdba0e6d4a,
        type: 3}
      propertyPath: m_AnchorMax.x
      value: 0
      objectReference: {fileID: 0}
    - target: {fileID: 4029365200171649309, guid: fea1b261e25fd2c4db0b74bdba0e6d4a,
        type: 3}
      propertyPath: m_AnchorMax.y
      value: 0
      objectReference: {fileID: 0}
    - target: {fileID: 4029365200171649309, guid: fea1b261e25fd2c4db0b74bdba0e6d4a,
        type: 3}
      propertyPath: m_Pivot.x
      value: 0.5
      objectReference: {fileID: 0}
    - target: {fileID: 4029365200171649309, guid: fea1b261e25fd2c4db0b74bdba0e6d4a,
        type: 3}
      propertyPath: m_Pivot.y
      value: 0.5
      objectReference: {fileID: 0}
    m_RemovedComponents: []
  m_SourcePrefab: {fileID: 100100000, guid: fea1b261e25fd2c4db0b74bdba0e6d4a, type: 3}
--- !u!224 &7602865423380143662 stripped
RectTransform:
  m_CorrespondingSourceObject: {fileID: 4029365200171649309, guid: fea1b261e25fd2c4db0b74bdba0e6d4a,
    type: 3}
  m_PrefabInstance: {fileID: 6803218984983402291}
  m_PrefabAsset: {fileID: 0}
--- !u!114 &5079784193169987549 stripped
MonoBehaviour:
  m_CorrespondingSourceObject: {fileID: 1735829038803157230, guid: fea1b261e25fd2c4db0b74bdba0e6d4a,
    type: 3}
  m_PrefabInstance: {fileID: 6803218984983402291}
  m_PrefabAsset: {fileID: 0}
  m_GameObject: {fileID: 0}
  m_Enabled: 1
  m_EditorHideFlags: 0
  m_Script: {fileID: 11500000, guid: 5f7201a12d95ffc409449d95f23cf332, type: 3}
  m_Name: 
  m_EditorClassIdentifier: 
--- !u!1001 &8828852423210734222
PrefabInstance:
  m_ObjectHideFlags: 0
  serializedVersion: 2
  m_Modification:
    m_TransformParent: {fileID: 316282789828942376}
    m_Modifications:
    - target: {fileID: 6449521875812196457, guid: fea1b261e25fd2c4db0b74bdba0e6d4a,
        type: 3}
      propertyPath: m_Name
      value: SectionScoreTotal
      objectReference: {fileID: 0}
    - target: {fileID: 1735829038803157230, guid: fea1b261e25fd2c4db0b74bdba0e6d4a,
        type: 3}
      propertyPath: m_FontData.m_HorizontalOverflow
      value: 0
      objectReference: {fileID: 0}
    - target: {fileID: 1735829038803157230, guid: fea1b261e25fd2c4db0b74bdba0e6d4a,
        type: 3}
      propertyPath: m_FontData.m_VerticalOverflow
      value: 0
      objectReference: {fileID: 0}
    - target: {fileID: 1735829038803157230, guid: fea1b261e25fd2c4db0b74bdba0e6d4a,
        type: 3}
      propertyPath: m_Text
      value: /0
      objectReference: {fileID: 0}
    - target: {fileID: 4029365200171649309, guid: fea1b261e25fd2c4db0b74bdba0e6d4a,
        type: 3}
      propertyPath: m_LocalPosition.x
      value: 0
      objectReference: {fileID: 0}
    - target: {fileID: 4029365200171649309, guid: fea1b261e25fd2c4db0b74bdba0e6d4a,
        type: 3}
      propertyPath: m_LocalPosition.y
      value: 0
      objectReference: {fileID: 0}
    - target: {fileID: 4029365200171649309, guid: fea1b261e25fd2c4db0b74bdba0e6d4a,
        type: 3}
      propertyPath: m_LocalPosition.z
      value: 0
      objectReference: {fileID: 0}
    - target: {fileID: 4029365200171649309, guid: fea1b261e25fd2c4db0b74bdba0e6d4a,
        type: 3}
      propertyPath: m_LocalRotation.x
      value: 0
      objectReference: {fileID: 0}
    - target: {fileID: 4029365200171649309, guid: fea1b261e25fd2c4db0b74bdba0e6d4a,
        type: 3}
      propertyPath: m_LocalRotation.y
      value: 0
      objectReference: {fileID: 0}
    - target: {fileID: 4029365200171649309, guid: fea1b261e25fd2c4db0b74bdba0e6d4a,
        type: 3}
      propertyPath: m_LocalRotation.z
      value: 0
      objectReference: {fileID: 0}
    - target: {fileID: 4029365200171649309, guid: fea1b261e25fd2c4db0b74bdba0e6d4a,
        type: 3}
      propertyPath: m_LocalRotation.w
      value: 1
      objectReference: {fileID: 0}
    - target: {fileID: 4029365200171649309, guid: fea1b261e25fd2c4db0b74bdba0e6d4a,
        type: 3}
      propertyPath: m_RootOrder
      value: 2
      objectReference: {fileID: 0}
    - target: {fileID: 4029365200171649309, guid: fea1b261e25fd2c4db0b74bdba0e6d4a,
        type: 3}
      propertyPath: m_LocalEulerAnglesHint.x
      value: 0
      objectReference: {fileID: 0}
    - target: {fileID: 4029365200171649309, guid: fea1b261e25fd2c4db0b74bdba0e6d4a,
        type: 3}
      propertyPath: m_LocalEulerAnglesHint.y
      value: 0
      objectReference: {fileID: 0}
    - target: {fileID: 4029365200171649309, guid: fea1b261e25fd2c4db0b74bdba0e6d4a,
        type: 3}
      propertyPath: m_LocalEulerAnglesHint.z
      value: 0
      objectReference: {fileID: 0}
    - target: {fileID: 4029365200171649309, guid: fea1b261e25fd2c4db0b74bdba0e6d4a,
        type: 3}
      propertyPath: m_AnchoredPosition.x
      value: 0
      objectReference: {fileID: 0}
    - target: {fileID: 4029365200171649309, guid: fea1b261e25fd2c4db0b74bdba0e6d4a,
        type: 3}
      propertyPath: m_AnchoredPosition.y
      value: 0
      objectReference: {fileID: 0}
    - target: {fileID: 4029365200171649309, guid: fea1b261e25fd2c4db0b74bdba0e6d4a,
        type: 3}
      propertyPath: m_SizeDelta.x
      value: 0
      objectReference: {fileID: 0}
    - target: {fileID: 4029365200171649309, guid: fea1b261e25fd2c4db0b74bdba0e6d4a,
        type: 3}
      propertyPath: m_SizeDelta.y
      value: 0
      objectReference: {fileID: 0}
    - target: {fileID: 4029365200171649309, guid: fea1b261e25fd2c4db0b74bdba0e6d4a,
        type: 3}
      propertyPath: m_AnchorMin.x
      value: 0
      objectReference: {fileID: 0}
    - target: {fileID: 4029365200171649309, guid: fea1b261e25fd2c4db0b74bdba0e6d4a,
        type: 3}
      propertyPath: m_AnchorMin.y
      value: 0
      objectReference: {fileID: 0}
    - target: {fileID: 4029365200171649309, guid: fea1b261e25fd2c4db0b74bdba0e6d4a,
        type: 3}
      propertyPath: m_AnchorMax.x
      value: 0
      objectReference: {fileID: 0}
    - target: {fileID: 4029365200171649309, guid: fea1b261e25fd2c4db0b74bdba0e6d4a,
        type: 3}
      propertyPath: m_AnchorMax.y
      value: 0
      objectReference: {fileID: 0}
    - target: {fileID: 4029365200171649309, guid: fea1b261e25fd2c4db0b74bdba0e6d4a,
        type: 3}
      propertyPath: m_Pivot.x
      value: 0.5
      objectReference: {fileID: 0}
    - target: {fileID: 4029365200171649309, guid: fea1b261e25fd2c4db0b74bdba0e6d4a,
        type: 3}
      propertyPath: m_Pivot.y
      value: 0.5
      objectReference: {fileID: 0}
    m_RemovedComponents: []
  m_SourcePrefab: {fileID: 100100000, guid: fea1b261e25fd2c4db0b74bdba0e6d4a, type: 3}
--- !u!224 &5579199958770244499 stripped
RectTransform:
  m_CorrespondingSourceObject: {fileID: 4029365200171649309, guid: fea1b261e25fd2c4db0b74bdba0e6d4a,
    type: 3}
  m_PrefabInstance: {fileID: 8828852423210734222}
  m_PrefabAsset: {fileID: 0}
--- !u!114 &7102323740955447904 stripped
MonoBehaviour:
  m_CorrespondingSourceObject: {fileID: 1735829038803157230, guid: fea1b261e25fd2c4db0b74bdba0e6d4a,
    type: 3}
  m_PrefabInstance: {fileID: 8828852423210734222}
  m_PrefabAsset: {fileID: 0}
  m_GameObject: {fileID: 0}
  m_Enabled: 1
  m_EditorHideFlags: 0
  m_Script: {fileID: 11500000, guid: 5f7201a12d95ffc409449d95f23cf332, type: 3}
  m_Name: 
  m_EditorClassIdentifier: 
