%YAML 1.1
%TAG !u! tag:unity3d.com,2011:
--- !u!1 &1039782426091453913
GameObject:
  m_ObjectHideFlags: 0
  m_CorrespondingSourceObject: {fileID: 0}
  m_PrefabInstance: {fileID: 0}
  m_PrefabAsset: {fileID: 0}
  serializedVersion: 6
  m_Component:
  - component: {fileID: 1039782426091453910}
  - component: {fileID: 1039782426091453911}
  m_Layer: 5
  m_Name: Toggles
  m_TagString: Untagged
  m_Icon: {fileID: 0}
  m_NavMeshLayer: 0
  m_StaticEditorFlags: 0
  m_IsActive: 1
--- !u!224 &1039782426091453910
RectTransform:
  m_ObjectHideFlags: 0
  m_CorrespondingSourceObject: {fileID: 0}
  m_PrefabInstance: {fileID: 0}
  m_PrefabAsset: {fileID: 0}
  m_GameObject: {fileID: 1039782426091453913}
  m_LocalRotation: {x: 0, y: 0, z: 0, w: 1}
  m_LocalPosition: {x: 0, y: 0, z: 0}
  m_LocalScale: {x: 1, y: 1, z: 1}
  m_Children:
  - {fileID: 5125756087801617996}
  - {fileID: 4071487007244318348}
  m_Father: {fileID: 1039782427131525738}
  m_RootOrder: 0
  m_LocalEulerAnglesHint: {x: 0, y: 0, z: 0}
  m_AnchorMin: {x: 0, y: 0}
  m_AnchorMax: {x: 0, y: 0}
  m_AnchoredPosition: {x: 0, y: 0}
  m_SizeDelta: {x: 0, y: 0}
  m_Pivot: {x: 0.5, y: 0.5}
--- !u!114 &1039782426091453911
MonoBehaviour:
  m_ObjectHideFlags: 0
  m_CorrespondingSourceObject: {fileID: 0}
  m_PrefabInstance: {fileID: 0}
  m_PrefabAsset: {fileID: 0}
  m_GameObject: {fileID: 1039782426091453913}
  m_Enabled: 1
  m_EditorHideFlags: 0
  m_Script: {fileID: 11500000, guid: 30649d3a9faa99c48a7b1166b86bf2a0, type: 3}
  m_Name: 
  m_EditorClassIdentifier: 
  m_Padding:
    m_Left: 0
    m_Right: 0
    m_Top: 0
    m_Bottom: 0
  m_ChildAlignment: 0
  m_Spacing: 20
  m_ChildForceExpandWidth: 0
  m_ChildForceExpandHeight: 0
  m_ChildControlWidth: 1
  m_ChildControlHeight: 1
  m_ChildScaleWidth: 0
  m_ChildScaleHeight: 0
  m_ReverseArrangement: 0
--- !u!1 &1039782427131525741
GameObject:
  m_ObjectHideFlags: 0
  m_CorrespondingSourceObject: {fileID: 0}
  m_PrefabInstance: {fileID: 0}
  m_PrefabAsset: {fileID: 0}
  serializedVersion: 6
  m_Component:
  - component: {fileID: 1039782427131525738}
  - component: {fileID: 1039782427131525739}
  - component: {fileID: 1039782427131525736}
  m_Layer: 5
  m_Name: CustomItem
  m_TagString: Untagged
  m_Icon: {fileID: 0}
  m_NavMeshLayer: 0
  m_StaticEditorFlags: 0
  m_IsActive: 1
--- !u!224 &1039782427131525738
RectTransform:
  m_ObjectHideFlags: 0
  m_CorrespondingSourceObject: {fileID: 0}
  m_PrefabInstance: {fileID: 0}
  m_PrefabAsset: {fileID: 0}
  m_GameObject: {fileID: 1039782427131525741}
  m_LocalRotation: {x: 0, y: 0, z: 0, w: 1}
  m_LocalPosition: {x: 0, y: 0, z: 0}
  m_LocalScale: {x: 1, y: 1, z: 1}
  m_Children:
  - {fileID: 1039782426091453910}
  - {fileID: 4972120217782183170}
  m_Father: {fileID: 0}
  m_RootOrder: 0
  m_LocalEulerAnglesHint: {x: 0, y: 0, z: 0}
  m_AnchorMin: {x: 0, y: 0}
  m_AnchorMax: {x: 0, y: 0}
  m_AnchoredPosition: {x: 0, y: 0}
  m_SizeDelta: {x: 0, y: 0}
  m_Pivot: {x: 0.5, y: 0.5}
--- !u!114 &1039782427131525739
MonoBehaviour:
  m_ObjectHideFlags: 0
  m_CorrespondingSourceObject: {fileID: 0}
  m_PrefabInstance: {fileID: 0}
  m_PrefabAsset: {fileID: 0}
  m_GameObject: {fileID: 1039782427131525741}
  m_Enabled: 1
  m_EditorHideFlags: 0
  m_Script: {fileID: 11500000, guid: 409b1bca248fcc64cbf8b53ac19237ee, type: 3}
  m_Name: 
  m_EditorClassIdentifier: 
  title: {fileID: 1619303326686789846}
  toggles: {fileID: 1039782426091453913}
  expandable_Toggle: {fileID: 4854606469939334604}
  checkbox_Tristate: {fileID: 7177487870825204934}
  childrenHolder: {fileID: 4972120217782183170}
--- !u!114 &1039782427131525736
MonoBehaviour:
  m_ObjectHideFlags: 0
  m_CorrespondingSourceObject: {fileID: 0}
  m_PrefabInstance: {fileID: 0}
  m_PrefabAsset: {fileID: 0}
  m_GameObject: {fileID: 1039782427131525741}
  m_Enabled: 1
  m_EditorHideFlags: 0
  m_Script: {fileID: 11500000, guid: 59f8146938fff824cb5fd77236b75775, type: 3}
  m_Name: 
  m_EditorClassIdentifier: 
  m_Padding:
    m_Left: 10
    m_Right: 0
    m_Top: 10
    m_Bottom: 0
  m_ChildAlignment: 0
  m_Spacing: 0
  m_ChildForceExpandWidth: 0
  m_ChildForceExpandHeight: 1
  m_ChildControlWidth: 1
  m_ChildControlHeight: 1
  m_ChildScaleWidth: 0
  m_ChildScaleHeight: 0
  m_ReverseArrangement: 0
--- !u!1 &6351020060837170728
GameObject:
  m_ObjectHideFlags: 0
  m_CorrespondingSourceObject: {fileID: 0}
  m_PrefabInstance: {fileID: 0}
  m_PrefabAsset: {fileID: 0}
  serializedVersion: 6
  m_Component:
  - component: {fileID: 4972120217782183170}
  - component: {fileID: 3931072092101774150}
  m_Layer: 5
  m_Name: Children Holder
  m_TagString: Untagged
  m_Icon: {fileID: 0}
  m_NavMeshLayer: 0
  m_StaticEditorFlags: 0
  m_IsActive: 1
--- !u!224 &4972120217782183170
RectTransform:
  m_ObjectHideFlags: 0
  m_CorrespondingSourceObject: {fileID: 0}
  m_PrefabInstance: {fileID: 0}
  m_PrefabAsset: {fileID: 0}
  m_GameObject: {fileID: 6351020060837170728}
  m_LocalRotation: {x: 0, y: 0, z: 0, w: 1}
  m_LocalPosition: {x: 0, y: 0, z: 0}
  m_LocalScale: {x: 1, y: 1, z: 1}
  m_Children: []
  m_Father: {fileID: 1039782427131525738}
  m_RootOrder: 1
  m_LocalEulerAnglesHint: {x: 0, y: 0, z: 0}
  m_AnchorMin: {x: 0, y: 0}
  m_AnchorMax: {x: 0, y: 0}
  m_AnchoredPosition: {x: 0, y: 0}
  m_SizeDelta: {x: 0, y: 0}
  m_Pivot: {x: 0.5, y: 0.5}
--- !u!114 &3931072092101774150
MonoBehaviour:
  m_ObjectHideFlags: 0
  m_CorrespondingSourceObject: {fileID: 0}
  m_PrefabInstance: {fileID: 0}
  m_PrefabAsset: {fileID: 0}
  m_GameObject: {fileID: 6351020060837170728}
  m_Enabled: 1
  m_EditorHideFlags: 0
  m_Script: {fileID: 11500000, guid: 59f8146938fff824cb5fd77236b75775, type: 3}
  m_Name: 
  m_EditorClassIdentifier: 
  m_Padding:
    m_Left: 20
    m_Right: 0
    m_Top: 20
    m_Bottom: 0
  m_ChildAlignment: 0
  m_Spacing: 0
  m_ChildForceExpandWidth: 0
  m_ChildForceExpandHeight: 1
  m_ChildControlWidth: 1
  m_ChildControlHeight: 1
  m_ChildScaleWidth: 0
  m_ChildScaleHeight: 0
  m_ReverseArrangement: 0
--- !u!1001 &4544845546913120531
PrefabInstance:
  m_ObjectHideFlags: 0
  serializedVersion: 2
  m_Modification:
    m_TransformParent: {fileID: 1039782426091453910}
    m_Modifications:
    - target: {fileID: 5268354773703049560, guid: 71b1de6b4618a2d40b776091367aab60,
        type: 3}
      propertyPath: m_AnchorMin.y
      value: 0
      objectReference: {fileID: 0}
    - target: {fileID: 5268354773703049560, guid: 71b1de6b4618a2d40b776091367aab60,
        type: 3}
      propertyPath: m_AnchorMax.y
      value: 0
      objectReference: {fileID: 0}
    - target: {fileID: 5268354773703049560, guid: 71b1de6b4618a2d40b776091367aab60,
        type: 3}
      propertyPath: m_AnchoredPosition.x
      value: 0
      objectReference: {fileID: 0}
    - target: {fileID: 5268354773703049560, guid: 71b1de6b4618a2d40b776091367aab60,
        type: 3}
      propertyPath: m_AnchoredPosition.y
      value: 0
      objectReference: {fileID: 0}
    - target: {fileID: 5268354773703049560, guid: 71b1de6b4618a2d40b776091367aab60,
        type: 3}
      propertyPath: m_SizeDelta.x
      value: 0
      objectReference: {fileID: 0}
    - target: {fileID: 6537902172860594064, guid: 71b1de6b4618a2d40b776091367aab60,
        type: 3}
      propertyPath: m_AnchorMin.y
      value: 0
      objectReference: {fileID: 0}
    - target: {fileID: 6537902172860594064, guid: 71b1de6b4618a2d40b776091367aab60,
        type: 3}
      propertyPath: m_AnchorMax.y
      value: 0
      objectReference: {fileID: 0}
    - target: {fileID: 6537902172860594064, guid: 71b1de6b4618a2d40b776091367aab60,
        type: 3}
      propertyPath: m_AnchoredPosition.x
      value: 0
      objectReference: {fileID: 0}
    - target: {fileID: 6537902172860594064, guid: 71b1de6b4618a2d40b776091367aab60,
        type: 3}
      propertyPath: m_AnchoredPosition.y
      value: 0
      objectReference: {fileID: 0}
    - target: {fileID: 6537902172860594064, guid: 71b1de6b4618a2d40b776091367aab60,
        type: 3}
      propertyPath: m_SizeDelta.x
      value: 0
      objectReference: {fileID: 0}
    - target: {fileID: 6537902172860594064, guid: 71b1de6b4618a2d40b776091367aab60,
        type: 3}
      propertyPath: m_SizeDelta.y
      value: 0
      objectReference: {fileID: 0}
    - target: {fileID: 8660651816342773599, guid: 71b1de6b4618a2d40b776091367aab60,
        type: 3}
      propertyPath: m_LocalPosition.x
      value: 0
      objectReference: {fileID: 0}
    - target: {fileID: 8660651816342773599, guid: 71b1de6b4618a2d40b776091367aab60,
        type: 3}
      propertyPath: m_LocalPosition.y
      value: 0
      objectReference: {fileID: 0}
    - target: {fileID: 8660651816342773599, guid: 71b1de6b4618a2d40b776091367aab60,
        type: 3}
      propertyPath: m_LocalPosition.z
      value: 0
      objectReference: {fileID: 0}
    - target: {fileID: 8660651816342773599, guid: 71b1de6b4618a2d40b776091367aab60,
        type: 3}
      propertyPath: m_LocalRotation.x
      value: 0
      objectReference: {fileID: 0}
    - target: {fileID: 8660651816342773599, guid: 71b1de6b4618a2d40b776091367aab60,
        type: 3}
      propertyPath: m_LocalRotation.y
      value: 0
      objectReference: {fileID: 0}
    - target: {fileID: 8660651816342773599, guid: 71b1de6b4618a2d40b776091367aab60,
        type: 3}
      propertyPath: m_LocalRotation.z
      value: 0
      objectReference: {fileID: 0}
    - target: {fileID: 8660651816342773599, guid: 71b1de6b4618a2d40b776091367aab60,
        type: 3}
      propertyPath: m_LocalRotation.w
      value: 1
      objectReference: {fileID: 0}
    - target: {fileID: 8660651816342773599, guid: 71b1de6b4618a2d40b776091367aab60,
        type: 3}
      propertyPath: m_RootOrder
      value: 0
      objectReference: {fileID: 0}
    - target: {fileID: 8660651816342773599, guid: 71b1de6b4618a2d40b776091367aab60,
        type: 3}
      propertyPath: m_LocalEulerAnglesHint.x
      value: 0
      objectReference: {fileID: 0}
    - target: {fileID: 8660651816342773599, guid: 71b1de6b4618a2d40b776091367aab60,
        type: 3}
      propertyPath: m_LocalEulerAnglesHint.y
      value: 0
      objectReference: {fileID: 0}
    - target: {fileID: 8660651816342773599, guid: 71b1de6b4618a2d40b776091367aab60,
        type: 3}
      propertyPath: m_LocalEulerAnglesHint.z
      value: 0
      objectReference: {fileID: 0}
    - target: {fileID: 8660651816342773599, guid: 71b1de6b4618a2d40b776091367aab60,
        type: 3}
      propertyPath: m_AnchoredPosition.x
      value: 0
      objectReference: {fileID: 0}
    - target: {fileID: 8660651816342773599, guid: 71b1de6b4618a2d40b776091367aab60,
        type: 3}
      propertyPath: m_AnchoredPosition.y
      value: 0
      objectReference: {fileID: 0}
    - target: {fileID: 8660651816342773599, guid: 71b1de6b4618a2d40b776091367aab60,
        type: 3}
      propertyPath: m_SizeDelta.x
      value: 0
      objectReference: {fileID: 0}
    - target: {fileID: 8660651816342773599, guid: 71b1de6b4618a2d40b776091367aab60,
        type: 3}
      propertyPath: m_SizeDelta.y
      value: 0
      objectReference: {fileID: 0}
    - target: {fileID: 8660651816342773599, guid: 71b1de6b4618a2d40b776091367aab60,
        type: 3}
      propertyPath: m_AnchorMin.x
      value: 0
      objectReference: {fileID: 0}
    - target: {fileID: 8660651816342773599, guid: 71b1de6b4618a2d40b776091367aab60,
        type: 3}
      propertyPath: m_AnchorMin.y
      value: 0
      objectReference: {fileID: 0}
    - target: {fileID: 8660651816342773599, guid: 71b1de6b4618a2d40b776091367aab60,
        type: 3}
      propertyPath: m_AnchorMax.x
      value: 0
      objectReference: {fileID: 0}
    - target: {fileID: 8660651816342773599, guid: 71b1de6b4618a2d40b776091367aab60,
        type: 3}
      propertyPath: m_AnchorMax.y
      value: 0
      objectReference: {fileID: 0}
    - target: {fileID: 8660651816342773599, guid: 71b1de6b4618a2d40b776091367aab60,
        type: 3}
      propertyPath: m_Pivot.x
      value: 0.5
      objectReference: {fileID: 0}
    - target: {fileID: 8660651816342773599, guid: 71b1de6b4618a2d40b776091367aab60,
        type: 3}
      propertyPath: m_Pivot.y
      value: 0.5
      objectReference: {fileID: 0}
    - target: {fileID: 8956971557495360732, guid: 71b1de6b4618a2d40b776091367aab60,
        type: 3}
      propertyPath: m_Name
      value: ToggleExpandable
      objectReference: {fileID: 0}
    m_RemovedComponents: []
  m_SourcePrefab: {fileID: 100100000, guid: 71b1de6b4618a2d40b776091367aab60, type: 3}
--- !u!224 &5125756087801617996 stripped
RectTransform:
  m_CorrespondingSourceObject: {fileID: 8660651816342773599, guid: 71b1de6b4618a2d40b776091367aab60,
    type: 3}
  m_PrefabInstance: {fileID: 4544845546913120531}
  m_PrefabAsset: {fileID: 0}
--- !u!114 &4854606469939334604 stripped
MonoBehaviour:
  m_CorrespondingSourceObject: {fileID: 8956971557495360735, guid: 71b1de6b4618a2d40b776091367aab60,
    type: 3}
  m_PrefabInstance: {fileID: 4544845546913120531}
  m_PrefabAsset: {fileID: 0}
  m_GameObject: {fileID: 0}
  m_Enabled: 1
  m_EditorHideFlags: 0
  m_Script: {fileID: 11500000, guid: d713bb08b57a4f74aa2df63c62740aea, type: 3}
  m_Name: 
  m_EditorClassIdentifier: 
--- !u!1001 &7920731160156285063
PrefabInstance:
  m_ObjectHideFlags: 0
  serializedVersion: 2
  m_Modification:
    m_TransformParent: {fileID: 1039782426091453910}
    m_Modifications:
    - target: {fileID: 1042469200520389697, guid: a6d15cf0771272c46a020b6be0b5b608,
        type: 3}
      propertyPath: semi_Checkmark_Color.a
      value: 1
      objectReference: {fileID: 0}
    - target: {fileID: 5841619544580017544, guid: a6d15cf0771272c46a020b6be0b5b608,
        type: 3}
      propertyPath: m_Name
      value: Checkbox_Tristate
      objectReference: {fileID: 0}
    - target: {fileID: 6082451941803893154, guid: a6d15cf0771272c46a020b6be0b5b608,
        type: 3}
      propertyPath: m_AnchorMin.y
      value: 0
      objectReference: {fileID: 0}
    - target: {fileID: 6082451941803893154, guid: a6d15cf0771272c46a020b6be0b5b608,
        type: 3}
      propertyPath: m_AnchorMax.y
      value: 0
      objectReference: {fileID: 0}
    - target: {fileID: 6082451941803893154, guid: a6d15cf0771272c46a020b6be0b5b608,
        type: 3}
      propertyPath: m_AnchoredPosition.x
      value: 0
      objectReference: {fileID: 0}
    - target: {fileID: 6082451941803893154, guid: a6d15cf0771272c46a020b6be0b5b608,
        type: 3}
      propertyPath: m_AnchoredPosition.y
      value: 0
      objectReference: {fileID: 0}
    - target: {fileID: 6082451941803893154, guid: a6d15cf0771272c46a020b6be0b5b608,
        type: 3}
      propertyPath: m_SizeDelta.x
      value: 0
      objectReference: {fileID: 0}
    - target: {fileID: 6082451941803893154, guid: a6d15cf0771272c46a020b6be0b5b608,
        type: 3}
      propertyPath: m_SizeDelta.y
      value: 0
      objectReference: {fileID: 0}
    - target: {fileID: 6155511234445827595, guid: a6d15cf0771272c46a020b6be0b5b608,
        type: 3}
      propertyPath: m_LocalPosition.x
      value: 0
      objectReference: {fileID: 0}
    - target: {fileID: 6155511234445827595, guid: a6d15cf0771272c46a020b6be0b5b608,
        type: 3}
      propertyPath: m_LocalPosition.y
      value: 0
      objectReference: {fileID: 0}
    - target: {fileID: 6155511234445827595, guid: a6d15cf0771272c46a020b6be0b5b608,
        type: 3}
      propertyPath: m_LocalPosition.z
      value: 0
      objectReference: {fileID: 0}
    - target: {fileID: 6155511234445827595, guid: a6d15cf0771272c46a020b6be0b5b608,
        type: 3}
      propertyPath: m_LocalRotation.x
      value: 0
      objectReference: {fileID: 0}
    - target: {fileID: 6155511234445827595, guid: a6d15cf0771272c46a020b6be0b5b608,
        type: 3}
      propertyPath: m_LocalRotation.y
      value: 0
      objectReference: {fileID: 0}
    - target: {fileID: 6155511234445827595, guid: a6d15cf0771272c46a020b6be0b5b608,
        type: 3}
      propertyPath: m_LocalRotation.z
      value: 0
      objectReference: {fileID: 0}
    - target: {fileID: 6155511234445827595, guid: a6d15cf0771272c46a020b6be0b5b608,
        type: 3}
      propertyPath: m_LocalRotation.w
      value: 1
      objectReference: {fileID: 0}
    - target: {fileID: 6155511234445827595, guid: a6d15cf0771272c46a020b6be0b5b608,
        type: 3}
      propertyPath: m_RootOrder
      value: 1
      objectReference: {fileID: 0}
    - target: {fileID: 6155511234445827595, guid: a6d15cf0771272c46a020b6be0b5b608,
        type: 3}
      propertyPath: m_LocalEulerAnglesHint.x
      value: 0
      objectReference: {fileID: 0}
    - target: {fileID: 6155511234445827595, guid: a6d15cf0771272c46a020b6be0b5b608,
        type: 3}
      propertyPath: m_LocalEulerAnglesHint.y
      value: 0
      objectReference: {fileID: 0}
    - target: {fileID: 6155511234445827595, guid: a6d15cf0771272c46a020b6be0b5b608,
        type: 3}
      propertyPath: m_LocalEulerAnglesHint.z
      value: 0
      objectReference: {fileID: 0}
    - target: {fileID: 6155511234445827595, guid: a6d15cf0771272c46a020b6be0b5b608,
        type: 3}
      propertyPath: m_AnchoredPosition.x
      value: 0
      objectReference: {fileID: 0}
    - target: {fileID: 6155511234445827595, guid: a6d15cf0771272c46a020b6be0b5b608,
        type: 3}
      propertyPath: m_AnchoredPosition.y
      value: 0
      objectReference: {fileID: 0}
    - target: {fileID: 6155511234445827595, guid: a6d15cf0771272c46a020b6be0b5b608,
        type: 3}
      propertyPath: m_SizeDelta.x
      value: 0
      objectReference: {fileID: 0}
    - target: {fileID: 6155511234445827595, guid: a6d15cf0771272c46a020b6be0b5b608,
        type: 3}
      propertyPath: m_SizeDelta.y
      value: 0
      objectReference: {fileID: 0}
    - target: {fileID: 6155511234445827595, guid: a6d15cf0771272c46a020b6be0b5b608,
        type: 3}
      propertyPath: m_AnchorMin.x
      value: 0
      objectReference: {fileID: 0}
    - target: {fileID: 6155511234445827595, guid: a6d15cf0771272c46a020b6be0b5b608,
        type: 3}
      propertyPath: m_AnchorMin.y
      value: 0
      objectReference: {fileID: 0}
    - target: {fileID: 6155511234445827595, guid: a6d15cf0771272c46a020b6be0b5b608,
        type: 3}
      propertyPath: m_AnchorMax.x
      value: 0
      objectReference: {fileID: 0}
    - target: {fileID: 6155511234445827595, guid: a6d15cf0771272c46a020b6be0b5b608,
        type: 3}
      propertyPath: m_AnchorMax.y
      value: 0
      objectReference: {fileID: 0}
    - target: {fileID: 6155511234445827595, guid: a6d15cf0771272c46a020b6be0b5b608,
        type: 3}
      propertyPath: m_Pivot.x
      value: 0.5
      objectReference: {fileID: 0}
    - target: {fileID: 6155511234445827595, guid: a6d15cf0771272c46a020b6be0b5b608,
        type: 3}
      propertyPath: m_Pivot.y
      value: 0.5
      objectReference: {fileID: 0}
    - target: {fileID: 7224021100432179212, guid: a6d15cf0771272c46a020b6be0b5b608,
        type: 3}
      propertyPath: m_AnchorMin.y
      value: 0
      objectReference: {fileID: 0}
    - target: {fileID: 7224021100432179212, guid: a6d15cf0771272c46a020b6be0b5b608,
        type: 3}
      propertyPath: m_AnchorMax.y
      value: 0
      objectReference: {fileID: 0}
    - target: {fileID: 7224021100432179212, guid: a6d15cf0771272c46a020b6be0b5b608,
        type: 3}
      propertyPath: m_AnchoredPosition.x
      value: 0
      objectReference: {fileID: 0}
    - target: {fileID: 7224021100432179212, guid: a6d15cf0771272c46a020b6be0b5b608,
        type: 3}
      propertyPath: m_AnchoredPosition.y
      value: 0
      objectReference: {fileID: 0}
    - target: {fileID: 7224021100432179212, guid: a6d15cf0771272c46a020b6be0b5b608,
        type: 3}
      propertyPath: m_SizeDelta.x
      value: 0
      objectReference: {fileID: 0}
    - target: {fileID: 7224021100432179212, guid: a6d15cf0771272c46a020b6be0b5b608,
        type: 3}
      propertyPath: m_SizeDelta.y
      value: 0
      objectReference: {fileID: 0}
    - target: {fileID: 8639979179116213956, guid: a6d15cf0771272c46a020b6be0b5b608,
        type: 3}
      propertyPath: m_AnchorMin.y
      value: 0
      objectReference: {fileID: 0}
    - target: {fileID: 8639979179116213956, guid: a6d15cf0771272c46a020b6be0b5b608,
        type: 3}
      propertyPath: m_AnchorMax.y
      value: 0
      objectReference: {fileID: 0}
    - target: {fileID: 8639979179116213956, guid: a6d15cf0771272c46a020b6be0b5b608,
        type: 3}
      propertyPath: m_AnchoredPosition.x
      value: 0
      objectReference: {fileID: 0}
    - target: {fileID: 8639979179116213956, guid: a6d15cf0771272c46a020b6be0b5b608,
        type: 3}
      propertyPath: m_AnchoredPosition.y
      value: 0
      objectReference: {fileID: 0}
    - target: {fileID: 8639979179116213956, guid: a6d15cf0771272c46a020b6be0b5b608,
        type: 3}
      propertyPath: m_SizeDelta.x
      value: 0
      objectReference: {fileID: 0}
    - target: {fileID: 8639979179116213956, guid: a6d15cf0771272c46a020b6be0b5b608,
        type: 3}
      propertyPath: m_SizeDelta.y
      value: 0
      objectReference: {fileID: 0}
    - target: {fileID: 8905020324521568337, guid: a6d15cf0771272c46a020b6be0b5b608,
        type: 3}
      propertyPath: m_FontData.m_RichText
      value: 0
      objectReference: {fileID: 0}
    - target: {fileID: 8905020324521568337, guid: a6d15cf0771272c46a020b6be0b5b608,
        type: 3}
      propertyPath: m_FontData.m_BestFit
      value: 1
      objectReference: {fileID: 0}
    m_RemovedComponents: []
  m_SourcePrefab: {fileID: 100100000, guid: a6d15cf0771272c46a020b6be0b5b608, type: 3}
--- !u!224 &4071487007244318348 stripped
RectTransform:
  m_CorrespondingSourceObject: {fileID: 6155511234445827595, guid: a6d15cf0771272c46a020b6be0b5b608,
    type: 3}
  m_PrefabInstance: {fileID: 7920731160156285063}
  m_PrefabAsset: {fileID: 0}
--- !u!114 &7177487870825204934 stripped
MonoBehaviour:
  m_CorrespondingSourceObject: {fileID: 1042469200520389697, guid: a6d15cf0771272c46a020b6be0b5b608,
    type: 3}
  m_PrefabInstance: {fileID: 7920731160156285063}
  m_PrefabAsset: {fileID: 0}
  m_GameObject: {fileID: 0}
  m_Enabled: 1
  m_EditorHideFlags: 0
  m_Script: {fileID: 11500000, guid: 138a2dda251a0274895e14d650755343, type: 3}
  m_Name: 
  m_EditorClassIdentifier: 
--- !u!114 &1619303326686789846 stripped
MonoBehaviour:
  m_CorrespondingSourceObject: {fileID: 8905020324521568337, guid: a6d15cf0771272c46a020b6be0b5b608,
    type: 3}
  m_PrefabInstance: {fileID: 7920731160156285063}
  m_PrefabAsset: {fileID: 0}
  m_GameObject: {fileID: 0}
  m_Enabled: 1
  m_EditorHideFlags: 0
  m_Script: {fileID: 11500000, guid: 5f7201a12d95ffc409449d95f23cf332, type: 3}
  m_Name: 
  m_EditorClassIdentifier: 
